LEADER 01204cam a2200313 i 4500
001 005000001-2
005 20050601215750.0
008 780623s1978    gw a     bc   000 0 ger  
010   $a   78368657 //r863
015   $aGFR***
035 0 $aocm04113467
040   $aDLC$cDLC$dHFL
050 00$aN6888.G696$bA4 1978
082 00$a759.3
100 1 $aGreis, Otto.
245 00$aOtto Greis :$bGemälde, Aquarelle, Handzeichnungen 1946-1977 : [Ausstellung] Kunsthalle Bremen 26. Februar bis 2. April 1978, Staatliche Kunstsammlungen Kassel, Neue Galerie 15. April bis 18. Juni 1978 /$c[Katalogbearbeitung, Gisela Dauber, Bernhard Schnackenburg].
260   $aBremen :$bKunsthalle,$c1978.
300   $a[54] p. :$bill. (some col.) ;$c22 cm.
500   $aIncludes essay by Werner Haftmann.
504   $aBibliography: p. [45]
600 10$aGreis, Otto$vExhibitions.
710 2 $aStaatliche Kunstsammlungen Kassel.$bNeue Galerie.
700 1 $aDauber, Gisela.
700 1 $aSchnackenburg, Bernhard.
700 1 $aHaftmann, Werner.
710 2 $aKunsthalle Bremen.
776 08$iOnline version:$aGreis, Otto.$tOtto Greis.$dBremen : Kunsthalle, 1978$w(OCoLC)561977859
988   $a20020608
906   $0DLC

