LEADER 00724nam a2200205Ii 4500
001 005000002-0
005 20020606095253.2
008 780811s1769    enka          000 0 eng d
035 0 $aocm04129547
040   $aEEM$cEEM$dHHG
090   $aPR1134$b.C6
245 02$aA companion for a leisure hour :$cbeing a collection of fugitive pieces in prose and verse / by several gentlemen.
260   $aLondon :$bJ. Almon,$c1769.
300   $avi, 164 p. (incl. front.) :$bill. ;$c17 cm.
500   $a"By Samuel Derrick"--Halkett & Laing.
500   $aIncludes verse of Goldsmith, Johnson, Soame Jenyns, William Woty & others.
650  0$aEnglish literature.
700 1 $aDerrick, Samuel,$d1724-1769.
988   $a20020608
906   $0OCLC

