LEADER 00924cas a2200289 a 4500
001 005000003-9
005 20050319202206.0
008 780814u1927uuuuuy  x         0   b0spa d
010   $asn 84046293 
035 0 $aocm04140014
040   $aFUG$cFUG$dIUL$dDPN$dHMM
042   $alcd
043   $as-uy---$as-ag---$acl-----
245 00$aRevista de la Sociedad "Amigos de la Arqueología".
260   $aMontevideo :$bLa Sociedad,$c1927-
300   $av. :$bill., maps ;$c27 cm.
310   $aIrregular
362 0 $aT. 1 (1927)-
555   $aT. 1-15 (1927-1957); 1 v. (issued as v. 16).
650  0$aIndians of South America$zUruguay.
651  0$aUruguay$xAntiquities.
651  0$aArgentina$xAntiquities.
651  0$aLatin America$xAntiquities.
710 2 $aSociedad "Amigos de la Arqueología".
830  0$aHarvard anthropology preservation microfilm project ;$v10034.$5mmf
988   $a20020608
906   $0OCLC

