LEADER 01027nam a2200277   4500
001 005000004-7
005 00000000000000.0
008 780817s1968    fr       b    000 0 eng  
010   $a   68141342 
015   $aF***
035 0 $aocm04147261
040   $aDLC$cAKR$dUKM$dHBS
050   $aS401$b.O7 no. 82
082   $a338.1/7/6213
100 1 $aWragg, S. R.
245 10$aInterdisciplinary research in imput/output relationships and production functions to improve decisions and efficiency for beef production$ban outline of concepts and methods for joint technical/economic studies$cby S. R. Wragg, T. E. Godsell, Gwyn Willians.
260   $aParis,$bOrganisation for Economic Cooperation and Development$c[1968]
300   $a112 p.$c24 cm.
440  0$aDocumentation in agriculture and food ;$v82
504   $aBibliography: p. 102-106.
650  0$aBeef cattle.
650  0$aCattle trade.
700 1 $aGodsell, T. E.,$ejoint author.
700 1 $aWillians, Gwyn,$ejoint author.
988   $a20020608
906   $0DLC

