LEADER 00693cam a2200217I  4500
001 005000005-5
005 20020606095253.2
008 780817s1965    mx            000 0 spa  
010   $a   74432871 
035 0 $aocm04149514
040   $aDLC$cTKN$dOCL$dHLS
045   $aw3x1
050 0 $aLB775$b.G4653
100 2 $aGiner de los Ríos, Francisco,$d1839-1915.
245 00$aEnsayos y cartas,$bEdición de homenaje en el cincuentenario de su muerte.
250   $a[1. ed.
260   $aMéxico]$bTezontle$c[1965]
300   $a188 p.$c21 cm.
500   $a"Escritos dispersos, la mayoría de ellos procedentes del Boletín de la Institución Libre de Ensẽnanza."
988   $a20020608
906   $0DLC

