LEADER 01042nas a2200289I  4500
001 005000006-3
005 20041216165703.0
008 780817d19591967lu ar        i0   b1fre  
010   $a   62044129 //r
035 0 $aocm04150011
040   $aDLC$cDGU$dDGU$dHLS
050 0 $aHC240.A1$bE888
110 2 $aEuropean Parliament.
245 00$aAnnuaire.
247 10$aAnnuaire-manuel de l'Assemblé parlementaire européenne$f1958/59-1960/61
247 10$aAnnuaire-manuel du Parlement européen$f1961/62
247 10$aAnnuaire du Parlement européen$f1962/63-
260   $aLuxembourg
300   $a9 v.$c24 cm.
362 0 $a1958/59-1967.
500   $aTitle varies slightly.
550   $aVols. for 1958/59-67 issued by the Parliament's Direction générale de la documentation parlementaire et de l'information (varies slightly)
580   $aAlso issued in a Dutch edition.
710 2 $aEuropean Parliamentary Assembly.
780 02$aEuropean Coal and Steel Community. Common Assembly.$tAnnuaire-manuel
988   $a20020608
906   $0DLC

