LEADER 00893nam a2200289I  4500
001 005000007-1
005 20090410133848.0
008 780824s1950    ne a          000 0 fre  
010   $a   53029559 
035 0 $aocm04163639
040   $aDLC$cYUS$dHLS
043   $aa-ir---
050 0 $aNK1041$b.G6
082   $a709.55
100 1 $aGodard, André.
245 13$aLe trésor de Ziwiyè$b(Kurdistan)
260   $aHaarlem,$bJ. Enschedé,$c1950.
300   $a136 p.$billus.$c23 cm.
490 0 $aPublications du Service archéologique de l'Iran
650  0$aArt objects$zKurdistan.
650  0$aArt, Ancient.
651  0$aKurdistan$xAntiquities.
650  0$aArt objects$zIran$zZīvīyah.
651  0$aZīvīyah (Iran)$xAntiquities.
776 08$iOnline version:$aGodard, André.$tTrésor de Ziwiyè.$dHaarlem, J. Enschedé, 1950$w(OCoLC)610205978
988   $a20020608
906   $0DLC

