LEADER 00774nam a2200229I  4500
001 005000008-X
005 20090712194621.0
008 780825s1963    ctu           000 0 eng u
035 0 $aocm04169614
040   $cUDH$dHMZ
090   $aQE732$b.C6
100 1 $aColbert, Edwin H.$q(Edwin Harris),$d1905-2001.
245 10$aFossils of the Connecticut Valley;$bthe age of dinosaurs begins$cby Edwin H. Colbert.
246 3 $aAge of dinosaurs begins.
260   $a[Hartford]$c1963.
300   $aiv, 31 p.$billus., map.$c23 cm.
504   $aBibliography: p. 31.
650  0$aPaleontology$yTriassic.
650  0$aPaleontology$zConnecticut River Valley.
830  0$aBulletin (State Geological and Natural History Survey of Connecticut) ;$vno. 96.
988   $a20020608
906   $0MH

