LEADER 00759nam a2200229   4500
001 005000009-8
005 00000000000000.0
008 780830s1957    gw b     b    000 0 eng  
010   $a   58028777 
035 0 $aocm04181080
040   $aDLC$cXBM$dHBS
050   $aHD9483$b.E9
082   $a338.476686
100 1 $aEwald, Ursula.
245 10$aRecent developments of the world fertilizer market;$ba statistical analysis.$c[Translated by Anne Baade and Armin Grünewald]
260   $aKiel,$bInstitut für Weltwirtschaft,$c1957.
300   $aix, 227 p.$bmaps (part fold.) tables.$c24 cm.
504   $aBibliography: p. 220-227.
650  0$aFertilizer industry.
710 2 $aUniversität Kiel.$bInstitut für Weltwirtschaft.
988   $a20020608
906   $0DLC

