LEADER 00539nam a2200181 a 4500
001 005000010-1
005 19971009102951.9
008 780902s1956    fr            000 0 eng d
010   $a   56061738 
035 0 $aocm04187805
040   $aAPL$cAPL$dHBS
110 2 $aOrganisation for European Economic Co-operation.
245 14$aThe main products of the overseas territories :$bcocoa.
260   $aParis :$bOrganisation for European Economic Co-operation,$c1956.
300   $a164 p. ;$c24 cm.
650  0$aCocoa.
988   $a20020608
906   $0OCLC

