LEADER 01253nam a2200325 i 4500
001 005000011-X
005 20020606095253.2
008 780804s1977    gw a     bc   001 0bger  
010   $a   78360186 
015   $aGFR78-A3
020   $a3920699173 :$cDM29.80
035 0 $aocm04183816
035 0 $aocm04190361
040   $aDLC$cDLC$dHFL
043   $ae-gw---
050 0 $aNK2050.Z9$bS374
082   $a747/.23
100 1 $aHeiderich, Ursula.
245 10$a1899-1931 [i. e. achtzehnhundertneunundneunzig bis neunzehnhunderteinunddreissig], Rudolf Alexander Schröder und die Wohnkunst :$bmit e. chronolog. Werküberblick u. Katalog, sowie e. Verz. d. Werkzeichn. im Archiv d. Vereinigten Werkstätten für Kunst im Handwerk, München /$cUrsula u. Günter Heiderich.
246 3 $aRudolf Alexander Schröder und die Wohnkunst.
260   $aBremen :$bHauschild,$c[1977]
300   $a204 p. :$bill. (some col.) ;$c24 cm.
500   $aIncludes index.
504   $aBibliography: p. 199-201.
600 10$aSchröder, Rudolf Alexander,$d1878-1962.
650  0$aInterior decorators$zGermany (West)$vBiography.
700 1 $aHeiderich, Günter,$d1938-$ejoint author.
700 1 $aHeiderich, Günter,$eauthor.
988   $a20020608
906   $0DLC

