LEADER 00723nam a2200229I  4500
001 005000012-8
005 20020606095253.2
008 780905s1930    ctucf         000 0 eng  
010   $a   30014827 
035 0 $aocm04197520
040   $aDLC$cKSU$dHLS
050   $aSF339$b.G58
082   $a798.40973
100 1 $aGocher, W. H.$q(William Henry),$d1864-
245 10$aRacealong,$cby W. H. Gocher.
260   $aHartford, Conn.,$bW. H. Gocher,$c1930.
300   $a410 p.$bincl. front. (port.) plates.$c19 cm.
500   $aLettered on cover: vol. III. Companion volume to the author's Pacealong, vol. I and Trotalong, vol. II.
650  0$aHorse racing$zUnited States.
650  0$aHorses.
988   $a20020608
906   $0DLC

