LEADER 00676nam a2200217I  4500
001 005000013-6
005 20020606095253.2
008 780906s1794    it            000 0 ita  
010   $a   58051029 
035 0 $aocm04200125
040   $aDLC$cVTS$dHHG
041 0 $aitatur
050 0 $aPL113$b.C6
100 2 $aComidas de Carbognano, Cosimo.
245 10$aPrimi principi della gramatica turca$bad uso dei missionari apostolici di Costantinopoli.
260   $aRoma,$bNella Stamperia della Sac. congr. di prop. Fide,$c1794.
300   $a12, 730 p.$c26 cm.
500   $aDevice of the Congregation on t.-p.
650  0$aTurkish language$xGrammar.
988   $a20020608
906   $0DLC

