LEADER 01046nam a2200253 a 4500
001 005000014-4
005 20120522195900.0
008 780906s1924    pauab         000 0 eng d
010   $a   24024872 
035 0 $aocm04201240
040   $aDLC$cNRC$dNRC$dHBS$dHMM
050 0 $aTS1547$b.H3 1924
100 1 $aHart, Stanley H.$q(Stanley Hewlett),$d1888-
245 10$aWool, the raw materials of the woolen and worsted industries /$cby Stanley H. Hart ; edited by Edward W. France.
250   $a2nd ed. /$brev. by Edward W. France.
260   $aPhiladelphia :$bPhiladelphia Textile School of the Pennsylvania Museum and School of Industrial Art,$c1924.
300   $axxi, 249 p. :$bill., maps ;$c24 cm.
650  0$aWool industry.
700 1 $aFrance, Edward W.
700 1 $aFrance, Edward W.,$eeditor.
830  0$aHarvard social history/business preservation microfilm project.$nProject 3 ;$v30079.$5mmf
830  0$aHarvard social history/business preservation microfilm project.$nProject 3 ;$v30079.$5mmf
988   $a20020608
906   $0DLC

