LEADER 00744nam a22002171  4500
001 005000015-2
005 20020606095253.2
008 780601s1970    quca          000 0 fre  
010   $a   75199814 
015   $aC***
035 0 $aocm04210258
040   $aDLC$cDLC$dHFL
050 0 $aND249.F4$bA5
100 1 $aFerron, Marcelle,$d1924-
245 00$aMarcelle Ferron de 1945 à 1970;$b[exposition au] Musée d'art contemporain, Montréal, du 8 avril au 31 mai 1970.
260   $a[Montréal,$bMusée d'art contemporain,$c1970]
300   $a1 v. (unpaged)$billus. (part col.)$c19 cm.
500   $aAt head of title: Ministère des affaires culturelles du Québec.
710 2 $aMuseum of Contemporary Art, Montreal.
988   $a20020608
906   $0DLC

