LEADER 00934nam a2200253Ii 4500
001 005000016-0
005 20020606095253.2
008 780918s1977    ru            000 0 rus d
020   $c90 kop.
035 0 $aocm04230763
040   $aLCI$cLCI$dHLS
043   $ae-ur---
050 14$aHC336.25$b.G55
090   $aHC336.25$b.G55
100 1 $aGladyshev, Anatoliĭ Nikolaevich.
245 10$aRossii︠a︡ v desi︠a︡toĭ pi︠a︡tiletke /$cA. N. Gladyshev, N. S. Zenchenko.
260   $aMoskva :$bSovetskai︠a︡ Rossii︠a︡,$c1977.
300   $a348 p., [32] leaves of plates :$bill. ;$c18 cm.
651  0$aSoviet Union$xEconomic policy$y1976-
700 1 $aZenchenko, N. S.$ejoint author.
700 1 $aZenchenko, N. S.,$eauthor.
776 08$iOnline version:$aGladyshev, Anatoliĭ Nikolaevich.$tRossii͡a v desi͡atoĭ pi͡atiletki.$dMoskva : Sovetskai͡a Rossii͡a, 1977$w(OCoLC)558080946
988   $a20020608
906   $0OCLC

