LEADER 00598nam a2200217I  4500
001 005000017-9
005 20020606095253.2
008 780918s1938    enk           000 0 eng  
010   $a   38015746 
035 0 $aocm04231079
040   $aDLC$cIXA$dIXA$dHHG
050   $aPR6007.E3$bM4 1938
082   $a821.91
100 1 $aDe la Mare, Walter,$d1873-1956
245 10$aMemory, and other poems.
260   $aLondon,$bConstable,$c1938.
300   $a95 p.$c20 cm.
500   $aAt head of title: Walter de la Mare.
500   $aOn verso of t.-p.: First published 1938.
988   $a20020608
906   $0DLC

