LEADER 00747nam a2200205I  4500
001 005000018-7
005 20020606095253.2
008 781005s1886    nyu           000 0 eng  
010   $a   18021697 
035 0 $aocm04265412
040   $aDLC$cBXM$dHLS
050 0 $aDA953 1886$b.G5
100 1 $aGladstone, W. E.$q(William Ewart),$d1809-1898
245 14$aThe Irish question:$bI. History of an idea; II. Lessons of the election;$cby the Right Hon. W. E. Gladstone.
260   $aNew York,$bC. Scribner's sons,$c1886.
300   $a57 p.$c19 cm.
650  0$aIrish question.
776 08$iOnline version:$aGladstone, W.E. (William Ewart), 1809-1898.$tIrish question.$dNew York, C. Scribner's Sons, 1886$w(OCoLC)561489874
988   $a20020608
906   $0DLC

