LEADER 00662nam a2200181Ii 4500
001 005000019-5
005 20020606095253.2
008 781006s1881    enk           000 0 eng d
035 0 $aocm04274334
040   $aISB$cISB$dHLS
100 1 $aGladstone, W. E.$q(William Ewart),$d1809-1898
245 14$aThe Irish land bill (second reading) /$cspeech delivered by the Rt. Hon. W. E. Gladstone, in the House of Commons, on the second reading of the Land Law (Ireland) Bill, May 16, 1881.
260   $a[London] :$bNational Press Agency,$c[1881]
300   $a30 p. ;$c21 cm.
650  0$aHome rule$zIreland.
650  0$aLand tenure$zIreland.
988   $a20020608
906   $0OCLC

