LEADER 00604nam a2200217I  4500
001 005000020-9
005 20020606095253.2
008 781011s1968    it            000 0 ita  
010   $a   77417538 
035 0 $aocm04285776
040   $aDLC$cDLM$dHFL
050 0 $aNK3052.A1$bF4
100 1 $aFerrari, Oreste.
245 10$aArazzi italiani del Seicento e Settecento.
260   $aMilano,$bVallardi,$c1968.
300   $a118 p.$billus., 7 plates.$c27 cm.
440  3$aLe Arti nella casa italiana
504   $aBibliography: p. 117.
650  0$aTapestry, Italian$xHistory.
988   $a20020608
906   $0DLC

