LEADER 00709nam a2200229I  4500
001 005000021-7
005 20020606095253.2
008 781103s1944    uy       b    000 0 spa c
010   $aa  46002121 //r
035 0 $aocm04346532
040   $aHarvard Univ. Library$cLDL$dHLS
050 0 $aPQ8519.F85$bP58
082   $a861.8
100 1 $aFrugoni, Emilio,$d1880-1969.
245 10$aPoemas civiles.
260   $aMontevideo,$bC. García & cía.,$c1944.
300   $a3-128 p., 2 ℓ.$c20 cm.
490 0 $aBiblioteca "Rodó." [118]
500   $a"Antología crítica (cuatro juicios sobre la poesía de Emilio Frugoni)": p. [99]-128.
504   $a"Guía bibliográfica" : p. 21-24.
988   $a20020608
906   $0MH

