LEADER 01100cam a2200289 a 4500
001 005000022-5
005 20030206173953.0
008 781116s1967    dcu          f000 0 eng a
010   $aagr67000179 
035 0 $aocm04376778
040   $aDLC$cIXA$dIXA$dAGL$dHBS
043   $an-mx---
050 0 $aS21$b.Z2383 no.185
072   $aE700$aQ002
100 1 $aRiesz, John E.$q(John Edward),$d1937-
245 10$aLivestock and meat industry of Mexico /$c[by John E. Riesz].
260   $a[Washington, D.C.] :$bForeign Agricultural Service, U.S. Dept. of Agriculture,$c1967.
300   $aiv, 7 p. ;$c26 cm.
440  0$aFAS M ;$v185
500   $aCover title.
650  0$aMeat industry and trade$zMexico.
650  0$aLivestock$xMarketing$zMexico.
650  0$aLivestock$zMexico$xMarketing.
710 1 $aUnited States.$bForeign Agricultural Service.
776 08$iOnline version:$aRiesz, John E. (John Edward), 1937-$tLivestock and meat industry of Mexico.$d[Washington, D.C.] : Foreign Agricultural Service, U.S. Dept. of Agriculture, 1967$w(OCoLC)663398303
988   $a20020608
906   $0DLC

