LEADER 01338cam a2200289 a 4500
001 005000023-3
005 20041019103550.0
008 781116s1920    ilu           000 0 eng d
010   $a   21003405 
035 0 $aocm04378050
040   $aDLC$cZXC$dHBS$dHMM
050 0 $aHD8039.M62$bU63
100 1 $aHard, William,$d1878-1962.
245 10$aLabor in a basic industry :$bstudies in coal production, effects of the miner's environment upon his mode of thought, machinery as an aid to Americanization of the foreign born and to the social and economic advancement of mine workers /$cby William Hard, Paul R. Leach.
260   $a[Chicago] :$bChicago Daily news,$c1920.
300   $a34 p. ;$c20 cm.
440  0$aChicago daily news.$pReprints ;$vno. 1
505 0 $aThe mind of labor / by William Hard -- Improved methods in coal mining / by Paul R. Leach.
650  0$aLabor$zUnited States.
650  0$aCoal miners$zUnited States.
650  0$aBituminous coal industry$zUnited States.
650  0$aSteel Strike, U.S., 1919-1920.
700 1 $aLeach, Paul R.$q(Paul Roscoe),$d1890-1977.
830  0$aHarvard social history/business preservation microfilm project.$nProject 3 ;$v30462.$5mmf
830  0$aHarvard social history/business preservation microfilm project.$nProject 3 ;$v30462.$5mmf
988   $a20020608
906   $0DLC

