LEADER 00835nam a2200241Ii 4500
001 005000024-1
005 20020606095253.2
008 781128s1935    enk           000 0 eng d
035 0 $aocm04401915
040   $aBMC$cBMC$dHHG
090   $aHQ785$b.D4 1935
100 1 $aDe la Mare, Walter,$d1873-1956
245 10$aEarly one morning in the spring :$bchapters on children and on childhood as it is revealed in particular in early memories and in early writings /$cby Walter De La Mare.
260   $aLondon :$bFaber & Faber,$c1935.
300   $axx, 605 p., [17] leaves of plates :$bill., ports. ;$c23 cm.
500   $aIncludes index.
500   $a"First published in May MCMXXXV."
650  0$aChildren.
650  0$aChildren$xHumor.
650  0$aChild authors.
650  0$aChildren$xQuotations.
988   $a20020608
906   $0OCLC

