LEADER 01289cas a2200373   4500
001 005000025-X
005 20020606095253.2
008 781128d19691974be qrzp      i0   a0eng  
010   $a   78646474 //r84
016 7 $aE17160000$2DNLM
022   $a0377-1008$z0014-2360
035 0 $aocm04403188
035 0 $aocm04403188$zocm01568382
040   $aDLC$cDLC$dOCL$dRCS$dAIP$dDLC$dAIP$dOCL$dNST$dHLS
042   $alc
043   $ae------
050 00$aQC788$b.E9
060 0 $aW1 EU742
082   $a539.7/05
210 0 $aEuro-spectra
222  0$aEuro-spectra
245 00$aEuro spectra.
260   $a[Brussels,$bCommission of the European Communities, Directorate-General Dissemination of Information]
300   $av.$bill.$c28 cm.
362 0 $av. 8-13, no. 4; Mar. 1969-Dec. 1974.
500   $a"Scientific and technical review of the European Communities."
510 2 $aCIS abstracts$x0302-7651
546   $aIn English.
550   $aVol. 1-7 issued by the European Atomic Energy Community, v. 8, etc. by Commission of the European Communities.
650  0$aNuclear energy$zEurope$vPeriodicals.
710 2 $aCommission of the European Communities.$bDirectorate-General for Dissemination of Information.
780 00$tEuratom
988   $a20020608
906   $0DLC

