LEADER 00668nam a2200217Ii 4500
001 005000026-8
005 20020606095253.2
008 781201s1924    enk           000 0 eng d
035 0 $aocm04411745
035 0 $aocm04411745$zocm05078764
040   $aBMC$cBMC$dUUM$dHHG
090   $aPR6007.E3$bB3 1924
100 1 $aDe la Mare, Walter,$d1873-1956
245 12$aA ballad of Christmas /$cWalter De La Mare ; decorated by Alec Buckels.
260   $aLondon :$bSelwyn & Blount,$c[1924].
300   $a[4] p., [1] leaf of plates :$bcol. ill. ;$c13 cm.
500   $aTitle vignette.
650  0$aChristmas$vPoetry.
700 1 $aBuckels, Alec.
988   $a20020608
906   $0OCLC

