LEADER 00479nam a2200169Ii 4500
001 005000027-6
005 20020606095253.2
008 781205s1917    gw            000 0 ger d
035 0 $aocm04420826
040   $aRRR$cRRR$dHFL
100 1 $aHeidrich, Ernst.
245 10$aBeiträge zur Geschichte und Methode der Kunstgeschichte /$cvon Ernst Heidrich.
260   $aBasel :$bB. Schwabe,$c1917.
300   $a109 p. ;$c24 cm.
650  0$aArt$xHistoriography.
988   $a20020608
906   $0OCLC

