LEADER 01153cam a2200277   4500
001 005000028-4
005 00000000000000.0
008 781205s1938    enkab         000 0 eng  
010   $a   39005387 
035 0 $aocm04421361
040   $aDLC$cNJR$dOCL$dHBS
043   $ae-uk---
050 0 $aS455$b.P6
082   $a630.72
110 2 $aPolitical and Economic Planning.
245 10$aReport on agricultural research in Great Britain;$ba survey of its scope, administrative structure and finance, and of the methods of making its results known to farmers, with proposals for future development. November 1938.
246 3 $aAgricultural research in Great Britain
260   $aLondon,$bP E P,$c1938.
300   $a3 p. l., 146 p.$billus. (map)$c26 x 21 cm.
500   $aAt head of title: P E P (Political and economic planning)
500   $a"Errata" slip attached to recto of 3d prelim. leaf.
650  0$aAgriculture$zGreat Britain.
650  0$aResearch.
776 08$iOnline version:$aPolitical and economic planning.$tReport on agricultural research in Great Britain.$dLondon, P E P, 1938$w(OCoLC)615213702
988   $a20020608
906   $0DLC

