LEADER 00637nam a2200217I  4500
001 005000029-2
005 20020606095253.2
008 781207s1942    ag            000 0 spa  
010   $a   44028840 //r
035 0 $aocm04429036
040   $aDLC$cLDL$dHLS
050 0 $aPQ8519.F85$bE4
082   $a861.6
100 1 $aFrugoni, Emilio,$d1880-1969.
245 13$aLa elegía unánime,$cintroducción por Robert Ibáñez.
260   $aBuenos Aires,$bEditorial Losada, s. a.$c[1942]
300   $aL p., 1 ℓ., 169 p., 3 ℓ.$c21 cm.
490 0 $aPoetas de España y América
500   $aErrata slip inserted.
988   $a20020608
906   $0DLC

