LEADER 00495cam a2200181Ia 4500
001 005000030-6
005 20020606095253.2
008 781208s1957    uy            000 0 spa d
010   $a   57058712 
035 0 $aocm04433673
040   $aUUM$cUUM$dPIT$dHLS
050 0 $aPQ8519.F85$bS6 1957
100 1 $aFrugoni, Emilio,$d1880-1969
245 10$aSonetos míos /$cEmilio Frugoni.
260   $aMontevideo :$bCompañia Impressora S.A.,$c1957.
300   $a74 p. ;$c20 cm.
988   $a20020608
906   $0OCLC

