LEADER 01160nam a2200253Ii 4500
001 005000031-4
005 20041104142320.0
008 781212s1796    enk           000 0 eng d
035 0 $aocm04443971
040   $aEEM$cEEM$dHHG
090   $aPR2950$b.C6
245 02$aA comparative review of the opinions of Mr. James Boaden, (editor of the Oracle) in February, March, and April, 1795 ;$cand of James Boaden, Esq. (author of Fontainville Forest, and of a letter to George Steevens, Esq.) in February, 1796, relative to the Shakespeare mss / by a friend to consistency.
260   $aLondon :$bPrinted for G. Sael,$c[1796].
300   $a[2], 59 p. ;$c21 cm.
500   $aAttributed to John Wyatt in British Museum Catalogue. Cf. Halkett & Laing, v.1, p. 387, where it is attributed to T. Wyat and Matthew Wyatt.
500   $aOn the Shakespeare forgeries of William Henry Ireland.
600 10$aBoaden, James,$d1762-1839.
600 10$aShakespeare, William,$d1564-1616$xForgeries$xIreland.
700 1 $aBoaden, James,$d1762-1839.
700 1 $aWyatt, John
700 0 $aA friend to consistency.
752   $aEngland$dLondon.
988   $a20020608
906   $0OCLC

