LEADER 00844nam a2200241   4500
001 005000032-2
005 00000000000000.0
008 781212s1941    xx            000 0 eng  
010   $a   42003166 
035 0 $aocm04444748
040   $aDLC$cCLE$dHBS
050   $aHD7825.M4$bA5
082   $a331.0973
110 2 $aAmerican Retail Federation.
245 10$aTypical briefs in the application of the Fair labor standards act to the employees of retail warehouses;$ba typical retailers' brief and a typical government brief.
246 3 $aFair labor standards act
260   $aWashington, D.C.,$bAmerican retail federation,$c1941.
300   $a3 p. ℓ., 183 p.$c24 cm.
650  0$aLabor laws and legislation$zUnited States.
650  0$aRetail trade$zUnited States.
650  0$aWarehouses$zUnited States.
988   $a20020608
906   $0DLC

