LEADER 01179nem a2200325Ia 4500
001 005000033-0
005 20020606095253.2
008 940713s1993    onc       a     1   eng d
020   $c$2.95
034 1 $aa$b25000
035 0 $aocm30755224
040   $aGUA$cGUA$dHLS
043   $an-cn-ab
052   $a3504$bE4$bS3$bS5$bF68
090   $aG3504.E4$b1993 .M3
110 2 $aMapArt (Firm)
245 10$aEdmonton, St. Albert, Sherwood Park, Fort Saskatchewan :$blarge scale, full colour, highly detailed street maps /$cMapArt.
246 3 $aEdmonton.
250   $a1993 ed.
255   $aScale 1:25,000.
260   $aOshawa, Ont. :$bPeter Heiler Ltd. (MapArt),$c1993.
300   $a1 map :$bboth sides, col. ;$c122 x 94 cm., on sheet 70 x 101 cm., folded to 24 x 11 cm.
500   $aPanel title.
500   $aVariant title: Edmonton.
500   $aIncludes ancillary maps of Sherwood Park and Fort Saskatchewan, indexes to streets and points of interest, notes, and col. advertisement.
651  0$aEdmonton Metropolitan Area (Alta.)$vMaps.
651  0$aSherwood Park (Alta.)$vMaps.
651  0$aFort Saskatchewan (Alta.)$vMaps.
988   $a20020608
906   $0OCLC

