LEADER 00965cam a2200265I  4500
001 005000034-9
005 20020606095253.2
008 781215s1967    gw       b    000 0 ger  
010   $a   68113975 
035 0 $aocm04458768
040   $aDLC$cBUF$dHLS
050 0 $aAS182$b.H125 1967/5
082   $a355.03/3/0943
100 1 $aGlasneck, Johannes.
245 10$aZur Genesis des Kernwaffenkomplotts USA-Westdeutschland (1958-1965)
260   $aHalle (Saale)$b[Martin-Luther-Universität Halle-Wittenberg,$c1967]
300   $a92 p.$c21 cm.
490 1 $aWissenschaftliche Beiträge der Martin-Luther-Universität Halle-Wittenberg, 1967/5 (C 6)
504   $aBibliographical references included in "Anmerkungen" (p. 71-92)
650  0$aNuclear weapons.
651  0$aGermany (West)$xDefenses.
651  0$aUnited States$xMilitary policy.
810 2 $aUniversität Halle-Wittenberg.$tWissenschaftliche Beiträge ;$v1967/5 (C 6)
988   $a20020608
906   $0DLC

