LEADER 01045nam a2200229I  4500
001 005000035-7
005 20020606095253.2
008 781218s1879    nyu           000 0 eng  
010   $a   12032584 
035 0 $aocm04469346
040   $aDLC$cUWC$dHLS
050 0 $aAC8$b.G6 1879
100 1 $aGladstone, W. E.$q(William Ewart),$d1809-1898
245 10$aGleanings of past years, 1843-78.$cBy the Right Hon. W. E. Gladstone.
260   $aNew York,$bC. Scribner's sons$c[1879]
300   $a7 v.$c17 cm.
500   $aEach volume has also special t.-p.
500   $aOn t.-p. of v. 7: 1843-79.
505 0 $aI. The throne, and the prince consort; the cabinet, and constitution (1875-8)--II. Personal and literary (1845-76)--III. Historical and speculative (1844-78)--IV. Foreign (1851-77)--V-VI. Ecclesiastical (l843-75)--VII. Miscellaneous (1860-79)
776 08$iOnline version:$aGladstone, W.E. (William Ewart), 1809-1898.$tGleanings of past years, 1843-78.$dNew York, C. Scribner's Sons [1879]$w(OCoLC)646987410
988   $a20020608
906   $0DLC

