LEADER 01192cam a2200277 a 4500
001 005000036-5
005 00000000000000.0
008 781218s1927    nyua          000 0 eng d
010   $a   27019270 
035 0 $aocm04471049
040   $aDLC$cCLE$dHBS$dHMM
050   $aSB405$b.B24 1927
100 1 $aBahr, Fritz.
245 10$aFritz Bahr's commercial floriculture :$ba practical manual for the retail grower /$cby Fritz Bahr.
246 10$aCommercial floriculture, a practical manual for the retail grower
250   $a2nd (rev.) ed.
260   $aNew York :$bA.T. De La Mare Co.,$cc1927.
300   $a615 p. :$bill. ;$c24 cm.
505 0 $apt. 1. The retail grower's methods--pt. 2. A cultural manual for retail growers.
650  0$aFloriculture.
650  0$aFlowers.
776 08$iOnline version:$aBahr, Fritz.$tFritz Bahr's commercial floriculture.$b2d (rev.) ed.$dNew York The A.T. De La Mare company, inc. [©1927]$w(OCoLC)613013250
830  0$aHarvard social history/business preservation microfilm project.$nProject 3 ;$v30051.$5mmf
830  0$aHarvard social history/business preservation microfilm project.$nProject 3 ;$v30051.$5mmf
988   $a20020608
906   $0DLC

