LEADER 00588nam a2200205I  4500
001 005000037-3
005 20020606095253.2
008 781221s1936    ag c          000 0 spa  
010   $a   37012635 //r
035 0 $aocm04480072
040   $aDLC$cLDL$dHLS
050 0 $aPQ8519.F85$bC3
082   $a861.6
100 1 $aFrugoni, Emilio,$d1880-1969.
245 13$aLa canción humana.
260   $aBuenos Aires,$aMontevideo$c[1936]
300   $a170 p., 1 ℓ.$bfront. (port.)$c20 cm.
490 0 $aEdiciones de la Sociedad Amigos del Libro Rioplatense, vol. xxiii
988   $a20020608
906   $0DLC

