LEADER 01014cas a2200277 a 4500
001 005000038-1
005 20050329171943.0
008 781222d19781982txuqr p      s0   a0eng d
010   $asc 83008050 
035 0 $aocm04485697
037   $bResearch Center for the Arts, College of Fine and Applied Arts, The University of Texas at San Antonio, San Antonio, TX 78285
040   $aIXA$cIXA$dIXA$dDLC$dOCL$dDLC$dNSD$dNST$dDPN
042   $alc
245 00$aResearch Center for the Arts review.
246 13$aRCA review
246 10$aR.C.A. review
246 10$aReview
260   $aSan Antonio, Texas :$bThe Center,$c1978-1982.
300   $a5 v. :$bill. ;$c28 cm.
310   $aQuarterly
362 0 $aVol. 1, no. 1 (Jan. 1978)-v. 5, no. 3 (July 1982).
500   $aTitle from caption.
710 2 $aUniversity of Texas at San Antonio.$bResearch Center for the Arts.
785 00$tResearch Center for the Arts and Humanities review$x8755-3864$w(DLC)sc 84005057$w(OCoLC)9091976
988   $a20020608
906   $0OCLC

