LEADER 00846nam a2200277 i 4500
001 005000039-X
005 20101208151834.0
008 781027s1977    gw a     b    000 0bger  
010   $a   78367783 
015   $aGFR78-A
020   $a3770004671 :$cDM48.00
035 0 $aocm04487375
040   $aDLC$cDLC$dHFL
050 0 $aN6888.P27$bG73
082   $a760/.092/4$aB
100 1 $aGreither, Aloys,$d1913-1986.
245 14$aDer junge Otto Pankok :$bd. Frühwerk d. Malers /$cAloys Greither ; [hrsg. von Eva Pankok].
260   $aDüsseldorf :$bDroste-Verlag,$c1977.
300   $a174 p. :$b119 ill. (some col.) ;$c28 cm.
504   $aBibliography: p. 167.
600 10$aPankok, Otto,$d1893-1966.
650  0$aArtists$zGermany$vBiography.
700 1 $aPankok, Otto,$d1893-1966.
700 1 $aPankok, Eva.
988   $a20020608
906   $0DLC

