LEADER 00695cam a2200253 i 4500
001 005000040-3
005 20020606095253.2
008 781027s1977    fr       b    000 0 fre  
010   $a   78365884 //r88
015   $aF***
020   $a2901968031 :$c55.00F
035 0 $aocm04487690
040   $aDLC$cDLC$dHVL
043   $ae-fr---
082   $a347/.44/014
100 1 $aMasson, Gérard.
245 14$aLes juges et le pouvoir /$cGérard Masson.
260   $a[Paris] :$bA. Moreau,$c[c1977]
300   $a495, [1] p. ;$c22 cm.
504   $aBibliography: p. 487-[496]
650  0$aJudges$zFrance.
650  0$aPolitical questions and judicial power$zFrance.
988   $a20020608
906   $0DLC

