LEADER 00685nas a2200217I  4500
001 005000041-1
005 20020606095253.2
008 790109u19289999nyuuu         0    0eng  
010   $a   28023835 
035 0 $aocm04534937
040   $aDLC$cAFU$dHLS
050 0 $aAC5$b.E75
245 04$aThe European scrap book ...
260   $aNew York,$bW. H. Wise & co.$c[c1928-
300   $av.$bfront., plated (part col.) ports., facsm.$c28 cm.
500   $aTitle within ornamental border in colors.
500   $aCompanion volume to The American scrap book.
500   $aImprint varies: 19 New York, Forum Press.
710 2 $aWm. H. Wise and Company, New York.
988   $a20020608
906   $0DLC

