LEADER 00842nam a2200253I  4500
001 005000042-X
005 20020606095253.2
008 790109s1964    xx            000 0 lit  
010   $a   64050674 
035 0 $aocm04535164
040   $aDLC$cOSU$dHLS
041 0 $alit$brus
050   $aPG8721.D7$bZ68
100 1 $aGineitis, L.
245 00$aKristijonas Donelaitis ir jo epocha.
260   $aVilnius,$bValstybinė politinės ir mokslinės literatūros leidykla,$c1964.
300   $a381 p.$c23 cm.
500   $aAt head of title : Lietuvos TSR Mokslu akademija. Lietuviu kalbos ir literauros institutas. L. Gineitis.
500   $aSummary in Russian.
504   $aBibliography : p. 363-[376]
600 10$aDonelaitis, Kristijonas,$d1714-1780.
650  0$aLithuanian literature$xHistory and criticism.
988   $a20020608
906   $0DLC

