LEADER 01044nam a2200229Ii 4500
001 005000043-8
005 20020606095253.2
008 790109s1599    gw            001 0 lat d
035 0 $aocm04535880
040   $aNXW$cNXW$dHHG
090   $aBL720$b.M9
245 00$aMythologici Latini :$bin quibus... /$comnes recensuit Hieronymus Commelinus...additus in omnes index locupletissimus.
260   $aHeidelberg :$bBibliopolio Commeliniano,$c1599.
300   $a[50], 327 p. ;$c18 cm.
500   $aEngraved t.p.
500   $aErrata: p. [59]
500   $aIncludes index.
505 0 $aC. Iulii Hygini, Augusti liberi fabularum, Liber I.--Fabii Planciadis Fulgentii, Viri Clarissimi, Mythologiarum, Libri III.--Eiusdem de Allegoria librorum Virgilii, Liber I.--Iulii Firmici Materni, Viri Clarissimi, De errore profanarum religionum ad Constantium & Constantem augustos, Liber I.--Albrici Philosophi de deorum imaginibus, Liber I.
650  0$aMythology, Classical.
700 1 $aCommelinus, Hieronymus,$d1550-1597.
988   $a20020608
906   $0OCLC

