LEADER 02238cam a2200517 a 4500
001 005000044-6
005 00000000000000.0
008 790118s1950    dcu      b   f000 0 eng c
010   $aagr50000686 
035 0 $aocm04561499
040   $aU.S Dept. of Agriculture Lib.$cYGM$dYGM$dAGL$dHBS
043   $an-us---
045   $ax3x4
050 1 $aHD1751$b.A918 no.3
072   $aF110
082   $a338.1082
100 1 $aPubols, Ben H.$q(Ben Henry),$d1899-
245 10$aCitrus fruit during World War II /$cby Ben H. Pubols.
260   $a[Washington, D.C.] :$bU.S. Dept. of Agriculture, Bureau of Agricultural Economics,$c1950.
300   $a77 p. ;$c26 cm.
440  0$aAgriculture monograph ;$vno. 3
500   $aCover title.
504   $aBibliography: p. 77.
505 0 $aIntroduction. pp. 2.
505 0 $aCitrus fruit at beginning of the war. pp. 3.
505 0 $aWartime production of citrus fruit. pp. 6.
505 0 $aWartime distribution of citrus fruit -- Demand and price. pp. 13.
505 0 $aGovernment purchase and disposal programs. pp. 15.
505 0 $aRequirements and allocations. pp. 16.
505 0 $aCitrus packing and distribution orders. pp. 18.
505 0 $aConsumer rationing. pp. 24.
505 0 $aMaximum price regulations. pp. 26.
505 0 $aCitrus fruit at the end of the war. pp. 48.
505 0 $aSummary. pp. 49.
505 0 $aAppendix: Important wartime citrus packing and distribution orders, in chronological order. pp. 52.
505 0 $aAppendix: Maximum price regulations affecting citrus fruits, in chronological order. pp. 56.
505 0 $aAppendix: Directive 68 of Office of Economic Stabilization. pp. 75.
505 0 $aLiterature cited. pp. 77.
650  0$aCitrus fruits.
650  0$aWorld War, 1939-1945$zUnited States.
650  0$aCitrus fruits$zUnited States.
650  0$aWorld War, 1939-1945$xFood supply$zUnited States.
650  0$aWorld War, 1939-1945$xEconomic aspects$zUnited States.
776 08$iOnline version:$aPubols, Ben H. (Ben Henry), 1899-$tCitrus fruit during World War II.$d[Washington, D.C.] : U.S. Dept. of Agriculture, Bureau of Agricultural Economics, 1950$w(OCoLC)606488605
988   $a20020608
906   $0OCLC

