LEADER 01242cam a2200301 a 4500
001 005000045-4
005 20020128133710.0
008 790124s1924    dcuab         000 0 eng a
010   $aagr25000195 
035 0 $aocm04579571
040   $aDLC$cSUC$dSUC$dHBS$dHMM
050   $aS21$b.A45 no. 32
100 1 $aTaylor, Henry C.$q(Henry Charles),$d1873-1969.
245 10$aPractical farm economics /$cby Henry C. Taylor, H.R. Tolley, and J.W. Tapp.
260   $aWashington, D.C. :$bG.P.O.,$c1924.
300   $aiv, 100 p. :$bill., maps ;$c19 cm.
490 1 $aU. S. Dept. of Agriculture. Miscellaneous circular ;$vno. 32
500   $aContribution from Bureau of Agricultural Economics.
650  0$aFarms.
650  0$aFarm produce$xMarketing.
650  0$aAgriculture$xEconomic aspects.
700 1 $aTapp, Jesse W.$q(Jesse Washington),$d1898-
700 1 $aTolley, H. R.$q(Howard Ross),$d1889-1958.
830  0$aMiscellaneous circular (United States. Department of Agriculture) ;$vno. 32.
830  0$aHarvard social history/business preservation microfilm project.$nProject 3 ;$v30163.$5mmf
830  0$aHarvard social history/business preservation microfilm project.$nProject 3 ;$v30163.$5mmf
988   $a20020608
906   $0DLC

