LEADER 00643nam a2200229I  4500
001 005000046-2
005 20020606095253.2
008 790124s1956    fr       b    001 0 fre c
010   $aa  57000168 
035 0 $aocm04581879
040   $aChicago. Univ. Lir.$cCUS$dHLS
090   $aB1615$b.G5
100 1 $aGinestier, Paul.
245 13$aLa pensée anglo-saxonne depuis 1900.
250   $a[1. éd.]
260   $aParis,$bPresses universitaires de France,$c1956.
300   $a134 p.$c20 cm.
504   $aBibliography at end of each chapter.
650  0$aPhilosophy, English.
650  0$aPhilosophy, Modern.
988   $a20020608
906   $0OCLC

