LEADER 01003nam a2200265I  4500
001 005000047-0
005 20020606095253.2
008 790129s1930    enk           000 0 eng  
010   $a   32003195 
035 0 $aocm04595571
040   $aDLC$cFUB$dHVL
041 1 $aeng$hfre
043   $ae-fr---
050 00$aKJV130.C36$bC4313 1930
100 1 $aChassaigne, Marc,$d1883-
245 14$aThe Calas case,$cby Marc Chassaigne, translated by Raglan Somerset...with a foreword by Hilaire Belloc. With eight illustrations.
260   $aLondon,$bHutchinson & co. (publishers) ltd.$c[1930]
300   $a3 p. l., 11-286 p.$billus., plates, 2 port. (incl. front.)$c24 cm.
500   $a"The son of Calas was discovered dead [October 13, 1761] His father was accused of the murder."--p. 15.
600 10$aCalas, Jean,$d1698-1762.
600 10$aCalas, Jean,$d1698-1762$xTrials, litigation, etc.
700 1 $aSomerset, Raglan,$etr.
700 1 $aSomerset, Raglan,$etranslator.
988   $a20020608
906   $0DLC

