LEADER 01032nam a2200253I  4500
001 005000048-9
005 20020606095253.2
008 790130m18581860gw ae         001 0 ger  
010   $a   20005469 
035 0 $aocm04601466
040   $aDLC$cCDS$dHFL
050   $aNA5503$b.H3
100 1 $aHeider, Gustav Adolph,$d1819-1897,$eed.
245 10$aMittelalterliche Kunstdenkmale des österreichischen Kaiserstaates.$cHrsg. von Dr. Gustav Heider, Professor Rud v. Eitelberger und Architecten J. Hieser.
246 3 $aKunstdenkmale des österreichischen Kaiserstaates.
260   $aStuttgart,$bEbner & Seubert,$c1858-60.
300   $a2 v.$billus., plates (part col.) plans.$c32 cm.
500   $aVol. 1 has added t.-p. in colors, with imprint date 1856.
500   $aVol. 2 "hrsg. von Dr. Gustav Heider und Professor Rudolph v. Eitelberger".
650  0$aChurch architecture$zAustria.
650  0$aArchitecture, Medieval.
700 2 $aEitelberger von Edelberg, Rudolf von,$d1817-1885,$ejoint ed.
988   $a20020608
906   $0DLC

