LEADER 00904cam a2200241I  4500
001 005000049-7
005 20020606095253.2
008 790201s1869    mau           000 0 eng  
010   $a   05007480 //r
035 0 $aocm04607249
040   $aDLC$cSMI$dSMI$dHFL
050 0 $aNE53.H3$bG8
110 2 $aFogg Art Museum.$bGray Collection of Engravings.
245 10$aCatalogue of the collection of engravings bequeathed to Harvard college by Francis Calley Gray.$cBy Louis Thies.
260   $aCambridge,$bWelch, Bigelow, and company, printers to the University,$c1869.
300   $axliii, 530 p.$bfront. (port.)$c30 cm.
500   $a"List of the principal works on art consulted or referred to": p. [xi]-xliii.
650  0$aEngraving$zMassachusetts$zCambridge$xCatalogs.
650  0$aEngravers.
700 1 $aGray, Francis Calley,$d1790-1856.
700 1 $aThies, Louis.
988   $a20020608
906   $0DLC

