LEADER 00625nam a2200205I  4500
001 005000050-0
005 20020606095253.2
008 790206s1885    enkaf         000 0 engd 
010   $a   14016396 
035 0 $aocm04621045
040   $aDLC$cYUS$dHFL
050   $aGT21.30$b.G7
100 1 $aGreig, T. Watson.
245 00$aLadies' old-fashioned shoes,$cby T. Watson Greig ... With eleven illustrations from originals in his collection.
260   $aEdinburgh,$bD. Douglas,$c1885.
300   $a15 l, 9 p.$bill. XI col. pl.$c29 x 45 cm.
650  0$aBoots$xHistory.
650  0$aShoes$xHistory.
988   $a20020608
906   $0DLC

