LEADER 00978nam a2200277Ii 4500
001 005000051-9
005 20090712194622.0
008 790206m19749999dcua         f000 0 eng d
020   $bpbk.
035 0 $aocm04623483
040   $aGPO$cGPO$dHLS
043   $an-us---
086 0 $aHE 17.8:Q 2/sec.-
090   $aHV85$b.U53x 1975
110 1 $aUnited States.$bSocial and Rehabilitation Service.$bOffice of Management.
245 10$aQuality control in AFDC.
260   $a[Washington] :$bDept. of Health, Education, and Welfare, Social and Rehabilitation Service, Office of Management,$c1974-
300   $av. :$bill. ;$c28 cm.
490 1 $aDHEW publication ; no. (SRS) 74-04010
500   $aAt head of title: QC Manual/1000
504   $aIncludes bibliographical references.
505 0 $aSec. 1. Objectives and administration.
650  0$aChild welfare$zUnited States$xEvaluation.
830  0$aDHEW publication ;$vno. (SRS) 74-04010.
988   $a20020608
906   $0OCLC

