LEADER 00653nas a2200229I  4500
001 005000052-7
005 20020606095253.2
008 790209d18451845enkuu p       0   a0eng d
035 0 $aocm04633195
040   $aIXA$cIXA$dHHG
090   $aAP101$b.C469
245 04$aThe Clown of London.
260   $aLondon.
300   $av.$bill.$c22 cm.
362 0 $ano.[1]-39; 1845.
500   $a"At all the theatres, sights, pleasures, and amusements, with fashions for the week."
500   $aAt head of title: A friend of Punch's.
515   $aNot dated.
690  9$aEnglish drama$zLondon.$5hou
752   $aEngland$dLondon.
988   $a20020608
906   $0OCLC

