LEADER 00885cam a2200253 i 4500
001 005000053-5
005 20020606095253.2
008 790122s1978    gw a     bc   000 0 ger  
010   $a   78401159 //r84
015   $aGFR***
035 0 $aocm04638302
040   $aDLC$cDLC$dHFL
050 0 $aN8080.U77$bH44
082   $a704.948/6
245 04$aDie H1. [i.e. Heilige] Ursula und ihre elftausend Jungfrauen :$b[Ausstellung], Wallraf-Richartz-Museum, Köln 6. Juli bis 3. September 1978 /$c[Katalogbearbeitung, Frank Günter Zehnder].
260   $aKöln :$bWallraf-Richartz-Museum,$c1978.
300   $a74 p. :$bnumerous ill. ;$c27 cm.
504   $aBibliography: p. 74.
600 00$aUrsula,$cSaint$xArt$vExhibitions.
650  0$aChristian art and symbolism$vExhibitions.
700 1 $aZehnder, Frank Günter.
710 2 $aWallraf-Richartz-Museum.
988   $a20020608
906   $0DLC

