LEADER 00938cam a2200289 i 4500
001 005000054-3
005 20020606095253.2
008 790119s1978    pl a     b    000 0 pol  
010   $a   78392094 //r942
015   $aP***
020   $czł60.00
035 0 $aocm04640469
040   $aDLC$cDLC$dHLS
041 0 $apol$beng
043   $ae-pl---
050 00$aTH4809.P7$bG55
100 1 $aGładyszowa, Maria.
245 10$aGórnośląskie budownictwo ludowe /$cMaria Gładyszowa.
260   $aWrocław :$bZakład Narodowy im. Ossolińskich,$c1978.
300   $a304 p. :$bill. ;$c24 cm.
440  0$aBiblioteka etnografii polskiej ;$vnr. 33
500   $aOn p. facing t.p.: Polska Akademia Nauk. Instytut Historii Kultury Materialnej.
500   $aSummary in English.
504   $aBibliography: p. [150]-160.
650  0$aDwellings$zPoland$zSilesia, Upper (Poland and Czech Republic)$xHistory.
988   $a20020608
906   $0DLC

