LEADER 00845nam a22002531  4500
001 005000055-1
005 20020606095253.2
008 781003s1970    pl b     b    000 0 pol  
010   $a   72222582 
035 0 $aocm04642972
040   $aDLC$cDLC$dHLS
043   $ae-pl---
050 0 $aZ817.K3$bG54
100 1 $aGładysz, Antoni.
245 10$aKsiążka w Górnośląskim Okręgu Przemysłowym;$bstudia i materiały.
260   $aWrocław,$bZakład Narodowy im. Ossolińskich,$c1970.
300   $a165 p.$bmap.$c21 cm.
500   $aAt head of title: Sląski Instytut Naukowy w Katowicach.
504   $aIncludes bibliographical references.
650  0$aLibraries$zPoland$zKatowice (Voivodeship)
650  0$aReading interests$zKatowice (Voivodship)
650  0$aBooks and reading$zKatowice (Voivodship)
988   $a20020608
906   $0DLC

