LEADER 00747nam a2200217   4500
001 005000056-X
005 00000000000000.0
008 790216s1956    xx            000 0 eng  
010   $a   57038046 
035 0 $aocm04660603
040   $aDLC$cCLE$dHBS
050   $aHD45$b.C35
110 2 $aCanadian Congress of Labour.
245 10$aProbable effects of increasing mechanization in industry,$cby the Canadian Congress of Labour, now the Canadian Labour Congress.
260   $a[Ottawa?]$bRoyal Commission on Canada's Economic Prospects,$c1956.
300   $a87 p.$bdiagrs., tables.$c25 cm.
650  0$aAutomation.
710 2 $aCanadian Labour Congress.
710 2 $aRoyal Commission on Canada's Economic Prospects.
988   $a20020608
906   $0DLC

