LEADER 00885nam a2200229Ii 4500
001 005000057-8
005 20130805164359.0
008 790222s1950    mau      c    000 0 eng d
035 0 $aocm04679396
040   $aYSM$cYSM$dHFL
090   $aPN2091.S8$bH27
110 2 $aFogg Art Museum.
245 10$aThree designers for the contemporary theatre :$bRobert Edmond Jones, Donald Oenslager, Lee Simonson : [exhibition] Fogg Art Museum, Harvard University, Cambridge, Mass., October 16 through November 25, 1950.
260   $a[Cambridge, Mass.] :$bFogg Art Museum,$c1950.
300   $a[38] p. ;$c23 cm.
600 10$aJones, Robert Edmond,$d1887-1954.
600 10$aOenslager, Donald,$d1902-1975.
600 10$aSimonson, Lee,$d1888-1967.
650  0$aTheaters$xStage-setting and scenery$zUnited States$vExhibitions.
710 2 $aHarvard Theatre Collection.
988   $a20020608
906   $0OCLC

