LEADER 00767nam a2200229Ii 4500
001 005000058-6
005 20020606095253.2
008 790223s1931    it a     b    000 0 ita d
035 0 $aocm04685922
040   $aBNG$cBNG$dHLS
090   $aHB851$b.G55
100 1 $aGini, Corrado,$d1884-
245 13$aLe basi scientifiche della politica della popolazione /$cCorrado Gini.
260   $aCatania :$bStudio editoriale moderno,$c1931.
300   $avi, 342 p. :$bill. ;$c25 cm.
490 0 $aStudi economici e sociali ;$v2. ser , 1
500   $a"Corso impartito nella R. Università di Roma raccolto a cura del dott. Giulio Rugiu."
500   $aIncludes indexes.
504   $aBibliography: p. [327]-330.
650  0$aPopulation policy.
988   $a20020608
906   $0OCLC

