LEADER 00746nam a2200217I  4500
001 005000059-4
005 20020606095253.2
008 790227s1880    mau           000 0 eng  
010   $a   11022044 
035 0 $aocm04692862
040   $aDLC$cUNA$dHLS
050 0 $aPN4891$b.G6
100 1 $aGoddard, Delano A.$q(Delano Alexander),$d1831-1882.
245 00$aNewspapers and newspaper writers in New England, 1787-1815.$bRead before the New England Historic, Genealogical Society, Febr. 4, 1880.$cBy Delano A. Goddard.
260   $aBoston,$bA. Williams & co.,$c1880.
300   $a39 p. ;$c23 cm.
650  0$aAmerican newspapers$zNew England.
650  0$aPress$zNew England.
650  0$aJournalists$zNew England.
988   $a20020608
906   $0DLC

