LEADER 00990nam a2200301 a 4500
001 005000060-8
005 20020606095253.2
008 941123s1993    it       b    000|0 ita d
020   $a8809203445
035 0 $aocm43661266
100 1 $aArcangeli Sibbel, Anna.
240 10$aFuga da Berlino
245 10$aFuga da Berlino /$cAnna Arcangeli Sibbel. La traversia / Assunta Rossi.
246 3 $aTraversia.
260   $aFirenze :$bGiunti,$c1993.
300   $a175 p. ;$c21 cm.
440  0$aDiario italiano ;$v9
504   $aIncludes bibliographical references.
500   $aIncludes Archivio diaristico nazionale, Catalogo inediti, 1993.
650  0$aWorld War, 1939-1945$vPersonal narratives, German.
600 20$aArcangeli Sibbel, Anna.
650  0$aWorld War, 1939-1945$xWomen.
600 10$aRossi, Assunta.
650  0$aWomen and war.
650  0$aWorld War, 1939-1945$vPersonal narratives, Italian.
700 12$aRossi, Assunta.$tTraversia.
988   $a20020608
906   $0MH

