LEADER 00772nam a2200229I  4500
001 005000061-6
005 20020606095253.2
008 790227s1956    bcca     b    000 0 eng d
035 0 $aocm04695505
040   $aUUM$cUUM$dHMZ
090   $aSH346$b.I612 no.9
100 1 $aClutter, R. I.
245 10$aCollection and interpretation of sockeye salmon scales$c[by] R. I. Clutter and L. E. Whitsel.
260   $aNew Westminster, B.C.,$bInternational Pacific Salmon Fisheries Commission,$c1956.
300   $a159 p.$billus.
490 0 $aInternational Pacific Salmon Fisheries Commission. Bulletin,$v9
504   $aBibliography: p.158-159.
650  0$aSockeye salmon.
650  0$aScales (Fishes)
700 1 $aWhitsel, L. E.,$ejoint author.
988   $a20020608
906   $0OCLC

