LEADER 00604nam a2200169Ii 4500
001 005000062-4
005 20020606095253.2
008 790306q19201929enkef         000 0 eng d
035 0 $aocm04714880
040   $aOCP$cOCP$dHLS
245 00$aGlastonbury Abbey :$bconcise history of the establishment, growth and confiscation.
260   $a[s. l. :$bs. n.,$c192-?] ($eGlastonbury :$fCentral Somerset Gazette)
300   $a51 p. :$bfold. plan, plates ;$c19 cm.
500   $aTitle on cover : Gladstonbury Abbey, a concise history, A.D. 60 to A.D. 1539.
610 20$aGlastonbury Abbey.
988   $a20020608
906   $0OCLC

