LEADER 00911nam a2200229Ii 4500
001 005000063-2
005 20020606095253.2
008 790307s1939    nyu           000 0 eng d
035 0 $aocm04719431
040   $aKKU$cKKU$dHLS
090   $aQ11$b.N5 v. 39, art. 4
090   $aHT123$b.T56x
100 1 $aThorndike, Edward L.$q(Edward Lee),$d1874-1949
245 10$aAmerican cities and states :$bvariation and correlation in institutions, activities, and the personal qualities of the residents /$cby Edward L. Thorndike.
260   $aNew York :$bNew York Academy of Sciences,$c1939.
300   $ap. 213-298 ;$c24 cm.
490 1 $aAnnals of the New York Academy of Sciences,$vv. 39, art. 4
504   $aIncludes bibliographical footnotes.
650  0$aCity and town life$zUnited States$xStatistics.
830  0$aAnnals of the New York Academy of Sciences ;$vv. 39, article 4.
988   $a20020608
906   $0OCLC

