LEADER 00985nam a2200265I  4500
001 005000064-0
005 20020606095253.2
008 790310s1971    ru       b    000 0 rus  
010   $a   70856993 
035 0 $aocm04732022
040   $aDLC$cIAY$dHLS
041 0 $arus$beng
050 0 $aBF455$b.F685
100 1 $aFrumkina, R. M.$q(Revekka Markovna)
245 10$aVeroi︠a︡tnostʹ ėlementov teksta i rechevoe povedenie.
260   $aMoskva,$b"Nauka,"$c1971.
300   $a168 p.$c20 cm.
500   $aAt head of title: Akademii︠a︡ nauk SSSR. Institut i︠a︡zykoznanii︠a︡ R. M. Frumkina.
500   $aSummary in English; table of contents also in English.
504   $aBibliography: p. 159-[164]
650  0$aPsycholinguistics.
650  0$aReading, Psychology of.
776 08$iOnline version:$aFrumkina, R.M. (Revekka Markovna).$tVeroi͡atnostʹ ėlementov teksta i rechevoe povedenie.$dMoskva, "Nauka," 1971$w(OCoLC)653330962
988   $a20020608
906   $0DLC

