LEADER 00846cam a2200217I  4500
001 005000065-9
005 20020606095253.2
008 790315s1858    stk           000 0 eng d
035 0 $aocm04747832
040   $aCLE$cCLE$dHHG
100 1 $aColville, John,$d1542?-1605.
245 10$aOriginal letters of Mr. John Colville, 1582-1603.$bTo which is added, his Palinode, 1600.$cWith a memoir of the author.
260   $aEdinburgh,$b[John Hughes],$c1858.
300   $a[8], 1, viii, 407 p., front. (facsim).
410 20$aBannatyne club.$tPublications,$vno. 104
500   $aPresented to the members of the Bannatyne club by the Earl of Selkirk.
500   $aThe Palinode pages are unnumbered but included in total paging.
600 14$aColville, John Rupert,$cSir.
700 12$aColville, John,$d1542?-1605.$tPalinode.
988   $a20020608
906   $0OCLC

