LEADER 01060cam a2200229I  4500
001 005000066-7
005 20020606095253.2
008 790319s1689    enk           000 0 eng  
010   $a   02024305 //r33
035 0 $aocm04752532
040   $aDLC$cCLE$dHHG
050   $aDA452$b.C69$aDA452.C691$aDA452.C693$aDA452.C695
245 02$aA compleat collection of papers,$bin twelve parts:$crelating to the great revolutions in England and Scotland, from the time of the seven bishops petitioning K. James II. against the dispensing power, June 8. 1688. to the coronation of King William and Queen Mary, April 11. 1689.
260   $aLondon,$bPrinted by J.D. for R. Clavel, H. Mortlock, and J. Robinson,$c1689.
300   $a12 pts. in 1 v. ;$c20 cm.
500   $aCollections I II, 3d ed.; III, 2d ed. Collection V dated 1688.
500   $aEditorship ascribed by Lowndes to Bishop Burnet.
651  0$aGreat Britain$xHistory$yRevolution of 1688.
700 1 $aBurnet, Gilbert,$d1643-1715,$eattrib. ed.
752   $aEngland$dLondon.
988   $a20020608
906   $0DLC

