LEADER 00751nam a2200229Ii 4500
001 005000067-5
005 20020606095253.2
008 790321c19651964gw a          000 0 ger d
010   $a   85853574 
035 0 $aocm04761615
035 0 $aocm04761615$zocm17110115
040   $aNKM$cNKM$dDLC$dHFL
100 1 $aHegenbarth, Josef,$d1884-1962.
245 14$aDer Kreuzweg der St.-Hedwigs-Kathedrale in Berlin /$cJoseph Hegenbarth, Hans Urs von Balthasar.
260   $aMainz :$bMatthias-Grünewald,$c1965, c1964.
300   $a30 p. :$bill. ;$c20.
600 00$aJesus Christ$vArt.
610 20$aSt. Hedwigs-Kathedrale (Berlin, Germany)
650  0$aStations of the Cross.
700 1 $aBalthasar, Hans Urs von,$d1905-1988.
988   $a20020608
906   $0OCLC

