LEADER 00778nam a2200241   4500
001 005000068-3
005 19990518135911.0
008 790323s1948    dcu      b    000 0 eng c
010   $aagr49000119 
035 0 $aocm04769783
040   $aU. S. Dept. of Agr. Libr.$cGZN$dGZN$dHBS
050 1 $aHD1491.U5$bM5
082   $a334.683$a280.2 M612F
100 1 $aMiller, Raymond Wiley,$d1895-
245 14$aThe Farm Cooperative Corporate Association.
260   $aWashington,$bPublic Relations Research Corp.$c[1948]
300   $a35 p.$c23 cm.
490 0 $aRoad to market series
504   $a"Selected recommended references": p. 33-35.
650  0$aAgriculture, Cooperative$xSocieties, etc.
650  0$aAgriculture, Cooperative$zUnited States.
988   $a20020608
906   $0OCLC

