LEADER 00628nam a2200205I  4500
001 005000069-1
005 20090712194622.0
008 790328s1956    po afh        000 0 por d
035 0 $aocm04791710
040   $aISM$cISM$dHFL
050 0 $aND833.V5$bF4
100 1 $aVieira Lusitano, Francisco,$d1699-1783.
245 10$aVieira Lusitano,$cpor Julieta Ferrão.
260   $a[Lisboa]$bArtis$c[1956]
300   $a16 p., 27 plates (part col.)$billus., facsim.$c34 cm.
440  0$aNova colecção de arte portuguesa ;$v6
504   $aBibliography; p. 13-15.
700 1 $aFerrão, Julieta,$d1899-$eed.
988   $a20020608
906   $0OCLC

