LEADER 00788cam a2200265 a 4500
001 005000070-5
005 20120619215500.0
008 790404s1932    oncaf         001 0 eng  
010   $a   32018135 
035 0 $aocm04818943
040   $aDLC$cSUC$dSUC$dMHS$dHBS
043   $an-cn---
050   $aHD9044.C25$bM25
082   $a338.1
100 1 $aMacGibbon, Duncan Alexander,$d1882-
245 14$aThe Canadian grain trade /$cby Duncan Alexander MacGibbon.
260   $aToronto :$bMacmillan Company of Canada,$c1932.
300   $axiv, 503 p., [3] leaves of plates :$bill. ;$c22 cm.
500   $aIncludes index.
650  0$aGrain trade$zCanada.
650  0$aWheat trade$zCanada.
650  0$aGrain elevators$zCanada.
650  0$aWheat$zCanada.
988   $a20020608
906   $0DLC

