LEADER 00838nam a2200253   4500
001 005000071-3
005 00000000000000.0
008 790405s1961    xx            000 0 eng  
010   $a   63026969 /L
035 0 $aocm04822455
040   $aDLC$cCLE$dHBS
043   $au-at---
050   $aHD9275.A82$bD7
100 1 $aDrane, N. T.,$eed.
245 14$aThe Australian dairy industry;$ban economic study.$cEdited by N. T. Drane and H. R. Edwards.
260   $aMelbourne,$bF.W. Cheshire$c[1961]
300   $a321 p.$billus.$c25 cm.
504   $aIncludes bibliography.
650  0$aDairying$zAustralia.
700 1 $aEdwards, H. R.,$ejoint ed.
700 1 $aEdwards, H. R.,$eeditor.
776 08$iOnline version:$aDrane, N.T.$tAustralian dairy industry.$dMelbourne, F.W. Cheshire [1961]$w(OCoLC)701272725
988   $a20020608
906   $0DLC

