LEADER 00901nam a2200265 a 4500
001 005000072-1
005 20050607064811.0
008 970313s1994    fr a     b    000 0dfre d
020   $a2130455298
035 0 $aocm32101955
035 1 $aMAHA97B353
035 1 $zNYFX95B1609
040   $aNNFr$dNNFr$dNjP$dMH-FA
100 1 $aMaïdani Gerard, Jean-Pierre.
245 10$aLéonard de Vinci :$bmythologie ou théologie? /$cJean-Pierre Maïdani Gerard.
250   $a1. éd.
260   $aParis :$bPresses universitaires de France,$c1994.
300   $axviii, 305 p. :$bill. ;$c22 cm.
440  0$aVoix nouvelles en psychanalyse
504   $aIncludes bibliographical references (p. 282-[286]).
600 00$aLeonardo,$cda Vinci,$d1452-1519$xCriticism and interpretation.
600 00$aLeonardo,$cda Vinci,$d1452-1519$xPsychology.
650  0$aPsychoanalysis and art.
988   $a20020608
906   $0RLIN

