LEADER 00918nam a2200277Ii 4500
001 005000073-X
005 20020606095253.2
008 790420r19701970au      rb    000 0 eng d
035 0 $aocm04880097
040   $aIUL$cIUL$dHLS
043   $an-us---
050  4$aHV8143$b.H314 1970a
090   $aHV7936.R5$bH36x
100 1 $aHarris, Richard N.,$d1942-
245 14$aThe police academy :$ba psycho-structural analysis /$cby Richard N. Harris.
260   $c1970.
300   $axvii, 309, 94 p.
500   $aPhotocopy of typescript. Springfield Va : Clearinghouse for Federal Scientific and Technical Information, 1970. -- 28 cm.
500   $aPB 194561
500   $aPrepared for the U.S. Manpower Administration.
502   $aThesis--Tufts University, 1970.
504   $aBibliography: p. 281-309.
650  0$aPolice training$zUnited States.
650  0$aPolice psychology.
988   $a20020608
906   $0OCLC

