LEADER 00783cam a2200217I  4500
001 005000074-8
005 20020606095253.2
008 790427s1899    xx            000 0 eng  
010   $a   99005071 //r27
035 0 $aocm04904199
040   $aDLC$cCLE$dHLS
050   $aPS2638$b.F7
100 1 $aFruit, John Phelps,$d1855-1938.
245 04$aThe mind and art of Poe's poetry /$cby John Phelps Fruit.
260   $aNew York :$bA.S. Barnes and company,$c1899.
300   $aviii p., 1 ℓ., 144 p.$c22 cm.
600 10$aPoe, Edgar Allan,$d1809-1849.
600 10$aPoe, Edgar Allan,$d1809-1849$xPoetic works.
776 08$iOnline version:$aFruit, John Phelps, 1855-1938.$tMind and art of Poe's poetry.$dNew York, A.S. Barnes and Co., 1899$w(OCoLC)903589050
988   $a20020608
906   $0DLC

