LEADER 00987nam a2200289 i 4500
001 005000075-6
005 20020606095253.2
008 810909s1978    fr       b    000 0 fre  
010   $a   81480021 
015   $aF***
020   $a2275012109 :$c70.00F
035 0 $aocm04917244
040   $aDLC$cDLC$dHVL
043   $ae-fr---
082 0 $a345.44/0262$a344.405262$219
100 1 $aCorlay, Paul.
245 13$aLa notion de soustraction frauduleuse et la conception civiliste objective de la possession /$cpar Paul Corlay ; préf. de Jean-Denis Bredin.
260   $aParis :$bLibrairie générale de droit et de jurisprudence,$c1978.
300   $a188 p. ;$c24 cm.
440  0$aBibliothèque de droit privé ;$vt. 157
500   $aOriginally presented as the author's thesis, Paris I.
504   $aBibliography: p. [177]-180.
650  0$aPossession (Law)$zFrance.
650  0$aFraudulent conveyances$zFrance.
650  0$aLarceny$zFrance.
988   $a20020608
906   $0DLC

