LEADER 00762cam a2200217I  4500
001 005000076-4
005 20020606095253.2
008 790504r19221922mau           000 0 eng d
035 0 $aocm04926587
040   $aCLE$cCLE$dHLS
100 1 $aGambet, Adrien.
245 04$aThe J. C. J. Wainwright chess collection.
260   $a[Cambridge,$bHarvard university press,$c1922]
300   $a[5] p.
500   $aCaption-title.
500   $aExtract from the Harvard library notes, no. 8, 1922. 191-195 p.
700 1 $aWainwright, Joseph C. J.
710 2 $aHarvard University.$bLibrary.
776 08$iOnline version:$aGambet, Adrien.$tJ.C.J. Wainwright chess collection.$d[Cambridge], [Harvard University Press], [1922]$w(OCoLC)894188759
988   $a20020608
906   $0OCLC

