LEADER 01629cam a2200289Ia 4500
001 005000077-2
005 20020606095253.2
008 790507s1920    stka     b    010 0 eng d
010   $a   21018129 //r
035 0 $aocm04934943
040   $aYU#$cYU#$dOCL$dIXT$dHLS
050 0 $aPJ3002.Z5$bR63 1920
110 2 $aUniversity of Glasgow.$bOriental Society.
245 10$aStudia semitica et orientalia /$cby seven members of Glasgow University Oriental Society.
246 3 $aPresentation volume to Dr. James Robertson.
260   $aGlasgow :$bPublished by authority of the Society by MacLehose, Jackson,$c1920.
300   $a127 p., [4] leaves of plates :$bill. ;$c24 cm.
490 1 $a[Studia semitica et orientalia ;$vv. 1]
500   $aA volume presented to James Robertson ... on his eightieth birthday.
504   $aIncludes bibliographical references.
505 0 $aStudy in Hebrew synonyms / J. R. Buchanan--Tell Ḥum the site of Capernaum / W. M. Christie--Jewish everyday life as reflected in the Mishnah treatise Shabbath / A. R. S. Kennedy--Synchronisms of the Hebrew book of Kings / R. B. Pattie--Translation of an Arabic ms. on calligraphy / E. Robertson--Some specimens of Moslem charms / W. B. Stevenson--Pre-Abrahamic stories of Genesis, as a part of the wisdom literature / D. B. Macdonald--Bibliography of the published writings of the Rev. Professor James Robertson (p. 126-127)
600 10$aRobertson, James,$d1840-1920$vBibliography.
650  0$aSemitic philology.
700 1 $aRobertson, James,$d1830-1920.
830  0$aStudia semitica et orientalia ;$vv. 1.
988   $a20020608
906   $0OCLC

