LEADER 00879nam a2200229I  4500
001 005000078-0
005 20020606095253.2
008 790507s1863    enk           000 0 eng  
010   $a   07026708 
035 0 $aocm04938095
040   $aDLC$cCLE$dHLS
043   $ae-uk---
050   $aHJ1019$b.G5
100 1 $aGladstone, W. E.$q(William Ewart),$d1809-1898
245 04$aThe financial statements of 1853, 1860-1863.$bTo which are added, a speech on tax-bills, 1861, and on charities, 1863.$cBy the Right Hon. W. E. Gladstone.
260   $aLondon,$bJ. Murray,$c1863.
300   $a1 p. ℓ., 462 p.$c22 cm.
650  0$aFinance$zGreat Britain.
650  0$aIncome tax$zGreat Britain.
776 08$iOnline version:$aGladstone, W.E. (William Ewart), 1809-1898.$tFinancial statements of 1853, 1860-1863.$dLondon, J. Murray, 1863$w(OCoLC)867542905
988   $a20020608
906   $0DLC

