LEADER 01420cam a2200277Ia 4500
001 005000079-9
005 20020606095253.2
008 790507s1892    enk      b    000 0 eng d
035 0 $aocm04938143
040   $aCLE$cCLE$dHLS$dHMM
043   $ae-ie---
050  4$aDA563$b.S68
100 1 $aGladstone, W. E.$q(William Ewart),$d1809-1898.
245 10$aSpecial aspects of the Irish question :$ba series of reflections in and since 1886 /$cby W.E. Gladstone.
260   $aLondon :$bJ. Murray,$c1892.
300   $a372 p. ;$c18 cm.
500   $a"Collected from various sources and reprinted."
504   $aIncludes bibliographical references.
505 0 $aThe Irish question, 1886.--Notes and queries on the Irish demands.--Lessons of Irish history in the eighteenth century.--Ingram's History of the Irish Union.--Dr. Ingram and the Irish union.--Further notes and queries on the Irish demand.--Mr. Forster and Ireland.--Daniel O'Connell.--Plain speaking on the Irish union.--Home rule for Ireland: an appeal to the Tory householder.
650  0$aIrish question.
651  0$aIreland$xHistory.
650  0$aHome rule$zIreland.
776 08$iOnline version:$aGladstone, W. E. (William Ewart), 1809-1898.$tSpecial aspects of the Irish question.$dLondon, J. Murray, 1892$w(OCoLC)894579198
830  0$aHarvard College Library preservation microfilm program 2001 ;$v07435.$5mmf
988   $a20020608
906   $0OCLC

