LEADER 00755nam a2200229I  4500
001 005000080-2
005 20020606095253.2
008 790509s1929    xx            000 0 eng  
010   $a   37031050 //r45
035 0 $aocm04942892
040   $aDLC$cCLE$dHLS
050   $aPS3513.013$bM5 1929
082   $a812.5
100 1 $aGoddard, Charles,$d1879-1951.
245 04$aThe misleading lady,$ba play in three acts,$cby Charles W. Goddard and Paul Dickey.
260   $aNew York,$bS. French;$aLondon,$bS. French, ltd.,$cc1929.
300   $a95, [2] p.$bplates, diagrs.$c19 cm.
490 0 $aFrench's standard library edition
700 1 $aDickey, Paul,$d1885-1933$ejoint author.
700 1 $aDickey, Paul,$d1885-1933,$eauthor.
988   $a20020608
906   $0DLC

