LEADER 01205aam a2200265 a 4500
001 005000081-0
005 20020606095253.2
008 950629s1994    gw a     b    000 0 ger  
010   $a   95172071 
020   $a390675278X
035 0 $aocm34080245
040   $aDLC$cDLC
043   $ae-sz---
050 00$aHD8606.5$b.R84 1994
100 1 $aRuf, Heinz,$d1958-
245 10$aZwischen Demokratie und Bürokratie :$bStrukturen und Prozesse der Entscheidungsfindung in schweizerischen Arbeitnehmerverbänden /$cHeinz Ruf.
260   $aFrankfurt am Main ;$aNew York :$bP. Lang,$cc1994.
300   $a240 p. :$bill. ;$c23 cm.
490 1 $aEuropäische Hochschulschriften. Reihe XXII, Soziologie,$x0721-3379 ;$vBd. 261 =$aPublications universitaires européennes. Série XXII, Sociologie ;$vvol. 261 =$aEuropean university studies. Series XXII, Sociology ;$vvol. 261
504   $aOriginally presented as the author's thesis (doctoral)--Universität Zürich, 1994.
504   $aIncludes bibliographical references (p. 227-232).
650  0$aLabor movement$zSwitzerland$xDecision making.
830  0$aEuropäische Hochschulschriften.$nReihe XXII,$pSoziologie ;$vBd. 261.
988   $a20020608
906   $0DLC

