LEADER 00447nam a2200169Ii 4500
001 005000082-9
005 20070618205649.0
008 790514s1845    it            000 0 lat d
035 0 $aocm04961571
040   $aRSC$cRSC$dHLS
100 1 $aGamberinus, Archangelus.
245 00$aInscriptiones$cArchangeli Gamberini ...
260   $aBononiae :$bSaxiano,$c1845.
300   $a331 p. ;$c24 cm.
650  0$aInscriptions, Latin.
988   $a20020608
906   $0OCLC

