LEADER 00924nam a2200277Ii 4500
001 005000083-7
005 20020606095253.2
008 790521s1949    mau      c    000 0 eng d
035 0 $aocm04985408
040   $aIXA$cIXA$dHFL
043   $aac-----$aa-tu---$aa-ir---
050  4$aNK2872$b.R847
245 00$aRugs of Turkey, Persia and Central Asia, from the collection of Joseph V. McMullan :$c[exhibition] Fogg Museum of Art, March 11-April 23, 1949.
260   $a[Cambridge, Mass. :$bFogg Museum of Art,$c1949]
300   $a20 leaves ;$c29 cm.
500   $aText signed: Eric Schroeder.
500   $aCover-title.
500   $aMimeographed.
600 10$aMcMullan, Joseph V.$xArt collections.
650  0$aRugs$zAsia, Central$vCatalogs.
650  0$aRugs$zTurkey$vCatalogs.
650  0$aRugs$zIran$vCatalogs.
700 1 $aSchroeder, Eric,$d1904-
710 2 $aFogg Art Museum.
988   $a20020608
906   $0OCLC

