LEADER 00746cam a2200217Ia 4500
001 005000084-5
005 20020606095253.2
008 790523s1905    mau           000 0 eng  
010   $a   05024721 
035 0 $aocm04994800
040   $aDLC$cCLE$dWIH$dHFL
100 1 $aGreen, Samuel A.$q(Samuel Abbott),$d1830-1918.
245 10$aRemarks on John Foster :$bthe earliest engraver in New England /$cby Samuel A. Green.
246 3 $aJohn Foster, the earliest engraver in New England.
260   $aCambridge :$bJ. Wilson and Son,$c1905.
300   $a12 p. ;$c25 cm.
500   $aTitle from cover.
500   $aCaption title: John Foster, the earliest engraver in New England.
600 10$aFoster, John,$d1648-1681.
988   $a20020608
906   $0DLC

