LEADER 00799nam a2200217Ii 4500
001 005000085-3
005 20020606095253.2
008 790525s1963    mdu           000 0 eng d
035 0 $aocm05003349
040   $aCRU$cCRU$dHLS
090   $aHT123$b.T476x
100 1 $aThompson, Wilbur Richard,$d1923-
245 12$aA preface to urban economics :$btoward a conceptual framework for study and research. Preliminary /$c[by] Wilbur R. Thompson.
260   $aBaltimore :$bPublished for Resources for the Future by Johns Hopkins Press,$c[1963]
300   $axii, 320 p. :$bill. ;$c22 cm.
504   $aBibliographical footnotes.
650  0$aCities and towns$zUnited States.
650  0$aCity planning$zUnited States.
651  0$aUnited States$xEconomic conditions$y1945-
988   $a20020608
906   $0OCLC

