LEADER 01183nem a2200337Ia 4500
001 005000086-1
005 20020606095253.2
008 930205s1992    onc       a     1   eng d
034 1 $aa$b25000
035 0 $aocm27389109
040   $aWAU$cWAU$dHLS
043   $an-cn-sn
052   $a3494$bR4$bS3$bP7$bM6
090   $aG3494.R4$b1992 .M3
110 2 $aMapArt (Firm)
245 10$aRegina, Saskatoon :$bMoose Jaw, Prince Albert /$cMapArt.
250   $a1992/93 ed.
255   $aScale 1:25,000.
260   $a[Whitby, Ont.?] :$bPeter Heiler Ltd. (MapArt),$c[1992?]
300   $a4 maps on 1 sheet :$bboth sides, col. ;$c62 x 64 cm. or smaller, sheet 71 x 101 cm.
500   $aPanel title.
500   $a"Copyright Schwerdt Graphic Arts Ltd. (MapArt)."
500   $aIncludes indexes, advertising and ancillary road and location map of Saskatchewan.
505 0 $aCity of Regina -- City of Saskatoon -- City of Prince Albert -- City of Moose Jaw.
651  0$aRegina (Sask.)$vMaps.
651  0$aSaskatoon (Sask.)$vMaps.
651  0$aPrince Albert (Sask.)$vMaps.
651  0$aMoose Jaw (Sask.)$vMaps.
710 2 $aPeter Heiler Ltd.
988   $a20020608
906   $0OCLC

