LEADER 00707nam a2200217I  4500
001 005000087-X
005 20020606095253.2
008 790525s1928    ctua          001 0 eng b
010   $a   28021707 
035 0 $aocm05004922
040   $aDLC$cHRM$dHLS
050   $aSF339$b.G58
100 1 $aGocher, W. H.$q(William Henry),$d1864-
245 10$aPacealong /$cby W. H. Gocher.
260   $aHartford, Conn.,$bW. H. Gocher,$c1928.
300   $a456 p.,$bincl. front. (port.) plates, ports.$c19 cm.
500   $aLettered on cover: vol. II. Companion volume to the author's vol. I, Trotalong, and Vol. III, Racealong.
650  0$aHorse racing$zUnited States.
650  0$aHorses.
988   $a20020608
906   $0DLC

