LEADER 00886cam a2200265I  4500
001 005000088-8
005 20020606095253.2
008 790604s1922    ne       b    000 0 dut  
010   $a   24006532 
035 0 $aocm05031034
040   $aDLC$cEXC$dEXC$dOCL$dHLS
043   $ae-ne---
050 0 $aDJ146$b.F7 1922
100 1 $aFruin, Robert,$d1823-1899.
245 00$aGeschiedenis der staatsinstellingen in Nederland tot den val der republiek.$cUitg. door dr. H. T. Colenbrander.
250   $a2. bijgewerkte druk.
260   $a's-Gravenhage,$bM. Nijhoff,$c1922.
300   $axii, 436 p.$c25 cm.
500   $aAt head of title: Robert Fruin.
500   $a"Bronnen" : p.1-8.
504   $a"Literatuur" at end of paragraphs.
651  0$aNetherlands$xPolitics and government.
700 1 $aColenbrander, H. T.$q(Herman Theodoor),$d1871-1945,$eed.
988   $a20020608
906   $0DLC

