LEADER 00557nam a2200193Ii 4500
001 005000089-6
005 20020606095253.2
008 790605s1956    mau      c    000 0 eng d
035 0 $aocm05036888
040   $aUUM$cUUM$dHFL
110 2 $aFogg Art Museum.
245 14$aThe art of Ben Shahn :$bFogg Art Museum, Harvard University, Cambridge.
260   $aCambridge :$bThe Museum,$c[1956]
300   $a[9] p. ;$c14 x 20 cm.
500   $aCover title.
500   $aCatalogue of an exhibition.
600 10$aShahn, Ben,$d1898-1969.
988   $a20020608
906   $0OCLC

