LEADER 01338nam a2200301 a 4500
001 005000090-X
005 00000000000000.0
008 790605s1920    enk           000 0 eng d
035 0 $aocm19114073
040   $aNRC$cNRC$dHBS$dHMM
041 1 $aeng$hger
090   $aHD1534$b.H34
100 1 $aHasbach, Wilhelm,$d1849-1920.
240 10$aEnglischen Landarbeiter.$lEnglish
245 12$aA history of the English agricultural labourer /$cby W. Hasbach ; translated by Ruth Kenyon ; with a preface by Sidney Webb.
250   $a2nd impression with index.
260   $aLondon :$bP.S. King & Son,$c1920.
300   $axvi, 465 p. ;$c23 cm.
440  0$aStudies in economics and political science ;$vno. 15
500   $a"The first edition was published in German ... in 1894, as Die englischen Landarbeiter in den letzten hundert jahren, no. 59 of the series published by the Verein für social politik."
504   $a"List of authorities quoted": p. [417]-450.
650  0$aAgricultural laborers$zEngland$xHistory.
650  0$aInclosures$zEngland$xHistory.
700 1 $aKenyon, Ruth.
830  0$aHarvard social history/business preservation microfilm project.$nProject 3 ;$v30446.$5mmf
830  0$aHarvard social history/business preservation microfilm project.$nProject 3 ;$v30446.$5mmf
988   $a20020608
906   $0OCLC

