LEADER 00840nam a2200217I  4500
001 005000091-8
005 20020606095253.2
008 790608s1877    xx            000 0 eng  
010   $a   12016028 
035 0 $aocm05047244
040   $aDLC$cCLE$dHFL
050   $aNE53.H3$bG9
110 2 $aFogg Art Museum.$bGray Collection of Engravings.
245 10$aGems of the Gray collection;$ba series of twenty-four choice engravings, reproduced in heliotype from the originals in the Gray collection of engravings, Harvard university; with full historical and descriptive letterpress.
260   $aBoston,$bJ.R. Osgood and company,$c1877.
300   $a18 p., 30 ℓ. XXIV pl.$c36 cm.
650  0$aEngraving$zMassachusetts$zCambridge.
700 1 $aBrainerd, Erastus.
700 1 $aGray, Francis Calley,$d1790-1856.
988   $a20020608
906   $0DLC

