LEADER 00690nam a2200193 i 4500
001 005000092-6
005 20080627213700.0
008 790611s1959    dcu           000 0 eng d
035 0 $aocm05052804
040   $aCOO$cCOO$dHBS
110 2 $aNational Association of Manufacturers (U.S.).$bLaw Department.
245 10$aDigest analysis of the labor-management reporting and disclosure act of 1959 /$cby the NAM Law Dept.
260   $aWashington :$bNational Association of Manufacturers,$c1959.
300   $a36 p. ;$c28 cm.
500   $a"NAM Law Department reviews."
610 10$aUnited States.$tLabor-management disclosure act of 1959.
710 1 $aUnited States.
988   $a20020608
906   $0OCLC

