LEADER 00874nam a2200229 a 4500
001 005000093-4
005 00000000000000.0
008 790611s1912    enkab         000 0 eng c
010   $aa  13000452 
035 0 $aocm05053336
040   $aEnoch Pratt Free Libr.$cVIC$dVIC$dHBS$dHMM
050 0 $aTS2234$b.T3 1912
100 1 $aTanner, Arthur Edmund.
245 10$aTobacco from the grower to the smoker /$cby Arthur Edmund Tanner.
260   $aLondon :$bSir I. Pitman & Sons,$c[1912?]
300   $ax, 118 p. :$bill., map ;$c19 cm.
440  0$aPitman's common commodities and industries
650  0$aTobacco industry$zGreat Britain.
830  0$aHarvard social history/business preservation microfilm project.$nProject 3 ;$v30094.$5mmf
830  0$aHarvard social history/business preservation microfilm project.$nProject 3 ;$v30094.$5mmf
988   $a20020608
906   $0OCLC

