LEADER 01611cas a2200373 a 4500
001 005000094-2
005 20090712194623.0
008 790611d196719uuet uu     r   0   a0eng d
010   $a   91648670 //r93
022   $a0564-0490
035 0 $aocm05054798
040   $aIUL$cIUL$dDLC$dNST$dDLC$dHLS
042   $alc
043   $af-et---
050 00$aHF3889.A48$bT72
082 00$a380.1/025/63$220
245 00$aTrade directory & guide book to Ethiopia /$cChamber of Commerce of Ethiopia.
246 10$aTrade directory and guide book to Ethiopia
246 10$aTrade directory and guidebook to Ethiopia
260   $aAddis Ababa, Ethiopia :$bInformation, Documentation, and Press Dept. of the Addis Ababa Chamber of Commerce,$c[1967?-
300   $av. :$bill., maps ;$c24 cm.
362 0 $a1967-
500   $aPublisher: Trade & Commerce Dept. of the Ethiopian Chamber of Commerce, 1971-1972-
580   $aFormed by the union of: Trade directory (Addis Ababa, Ethiopia : 1966), and: Guide book of Ethiopia.
651  0$aEthiopia$xCommerce$vDirectories.
651  0$aEthiopia$xDescription and travel$vPeriodicals.
710 2 $aʼAdis ʼAbabā negd meker bét.$bInformation, Documentation, and Press Department.
710 2 $aYaʼItyoṗyā negd meker bét.
710 2 $aEthiopian Chamber of Commerce.$bTrade & Commerce Department.
780 14$tTrade directory (Addis Ababa, Ethiopia : 1966)$w(DLC) 86647904$w(OCoLC)13586901
780 14$tGuide book of Ethiopia$w(DLC) 91648669$w(OCoLC)21015710
785 00$tEthiopian Chamber of Commerce trade directory
988   $a20020608
906   $0OCLC

