LEADER 00653nam a2200229I  4500
001 005000095-0
005 20020606095253.2
008 790611s1963    xx            000 0 eng  
010   $a   66041179 
035 0 $aocm05055773
040   $aDLC$cCLE$dHFL
050   $aNA1602.N4$bH4
100 1 $aHerman, Morton.
245 10$aEarly colonial architecture.
260   $a[Croydon, Australia]$bLongmans,$c1963.
300   $a32 p.$billus. (part col.)$c21 cm.
440  4$aThe arts in Australia
650  0$aArchitecture, Colonial.
650  0$aHistoric buildings$zTasmania.
650  0$aHistoric buildings$zNew South Wales.
988   $a20020608
906   $0DLC

