LEADER 01053cam a2200265I  4500
001 005000096-9
005 20100429105855.0
008 790614s1956    flua     b   s000 0 eng d
010   $aa  56009845 
035 0 $aocm05065103
040   $aTXA$cTXA$dHMZ
090   $aQH1$b.F6 v. 1 no. 3
100 1 $aClench, William James,$d1897-1984.
245 10$aFresh water mollusks of Alabama, Georgia, and Florida from the Escambia to the Suwannee River$c[by] William J. Clench and Ruth D. Turner.
246 3 $aFreshwater mollusks of Alabama, Georgia, and Florida from the Escambia to the Suwannee River
260   $aGainesville,$bUniversity of Florida,$c1956.
300   $a98-239 p.$billus.
490 1 $aBulletin of the Florida State Museum, biological sciences,$vv. 1, no. 3
500   $aCover title.
504   $a"References": p. 219-220.
650  0$aMollusks$zSouthern States.
700 1 $aTurner, Ruth Dixon,$ejoint author.
830  0$aBulletin of the Florida State Museum.$pBiological sciences ;$vv. 1, no. 3.
988   $a20020608
906   $0OCLC

