LEADER 00706nam a2200253 i 4500
001 005000097-7
005 20020606095253.2
008 790515s1977    fr a     b    000 0 fre  
010   $a   79347169 
015   $aF78-9207
020   $c13.00F
035 0 $aocm05075065
040   $aDLC$cDLC$dHFL
050 0 $aND553.P5$bA6533
082   $a759.4
100 1 $aFerrier, Jean Louis.
245 10$aPicasso, "Guernica" /$cJean-Louis Ferrier.
260   $aParis :$bDenoël-Gonthier,$c1977.
300   $a103 [8] p. :$bill. ;$c18 cm.
490 0 $aBibliothèque Médiations ;$v161
504   $aBibliography: p. [107]-[108]
600 10$aPicasso, Pablo,$d1881-1973.$tGuernica.
988   $a20020608
906   $0DLC

