LEADER 01285cam a2200313 a 4500
001 005000098-5
005 20070117133436.0
008 790621s1917    nyuab         000 0 eng d
010   $a   17025370 
035 0 $aocm05090812
040   $aDLC$cKFP$dHBS$dHMM
050   $aSF51$b.P8
100 1 $aPotter, E. L.$q(Ermine Lawrence),$d1884-
245 10$aWestern live-stock management /$cedited by Ermine L. Potter ; assisted by Carl N. Kennedy, George R. Samson, Oran M. Nelson.
246 10$aWestern live stock management
260   $aNew York :$bMacmillan,$c1917.
300   $axiv, 462 p. :$bill., maps ;$c20 cm.
440  0$aRural science series
650  0$aLivestock.
650  0$aRange management.
700 1 $aKennedy, Carl N.
700 1 $aSamson, George R.$q(George Roy),$d1879-
700 1 $aNelson, Oran Milton.
700 1 $aNelson, Oran M.$q(Oran Milton),$d1888-
776 08$iOnline version:$aPotter, E.L. (Ermine Lawrence), 1884-$tWestern live-stock management.$dNew York : Macmillan Company, 1917$w(OCoLC)595682160
830  0$aHarvard social history/business preservation microfilm project.$nProject 3 ;$v30048.$5mmf
830  0$aHarvard social history/business preservation microfilm project.$nProject 3 ;$v30048.$5mmf
988   $a20020608
906   $0DLC

