LEADER 00721nam a2200193I  4500
001 005000099-3
005 20020606095253.2
008 790622s1747    fr      b     000 0 fre d
035 0 $aocm05096569
040   $aYUS$cYUS$dHLS
100 1 $aGirard, Gabriel,$d1677-1748.
245 14$aLes vrais principes de la langue françoise ;$bou, La parole réduite en méthode, conformément aux lois de l'usage, en seize discours ;$cpar M. l'abbé Girard.
260   $aParis,$bLe Breton, Imprimateur du roi,$c1747.
300   $a2 v.$c17 cm.
490 1 $aA[rchives de la] l[inguistique] f[rançaise]$v182
650  0$aFrench language$xGrammar.
830  0$aArchives de la linguistique française ;$v182.
988   $a20020608
906   $0OCLC

