LEADER 01186nam a2200241 a 4500
001 005000100-0
005 00000000000000.0
008 790625m18921894enk      b    001 0 eng d
010   $a   48031537 
035 0 $aocm05105872
040   $aDLC$cWLU$dHBS$dHMM
050 0 $aHD8390$b.B86
100 1 $aBrooks, George,$cMinister of Robert Street Church, Grosvenor Square.
245 10$aIndustry and property :$ba plea for truth and honesty in economics and for liberty and justice in social reform : being a discussion of present-day labour problems, with proposals for their solution, counsels to employers and employed and warnings to statesmen, politicians and social reformers /$cby George Brooks.
260   $aHalesworth, Suffolk [England] :$bG. Brooks,$c[1892-1894]
300   $a2 v. ;$c23 cm.
504   $aIncludes bibliographical footnotes.
650  0$aIndustrial relations$zGreat Britain.
650  0$aIndustrial policy$zGreat Britain.
830  0$aHarvard social history/business preservation microfilm project.$nProject 3 ;$v30873.$5mmf
830  0$aHarvard social history/business preservation microfilm project.$nProject 3 ;$v30873.$5mmf
988   $a20020608
906   $0DLC

