LEADER 00547nam a2200205I  4500
001 005000101-9
005 20061115153603.0
008 790625s1969    uy            000 0 spa  
010   $a   77555459 
015   $aLACAP70-4419
035 0 $aocm05107154
040   $aDLC$cYSM$dHLS
050 0 $aPQ8520.17.I66$bA8
100 2 $aGiovanetti Viola, Hugo,$d1948-
245 13$aEl angel;$ba narrativa.
260   $aMontevideo,$bEditorial Alfa$c[1969]
300   $a154 p.$c17 cm.
440  0$aColección Libros populares ;$v40
988   $a20020608
906   $0DLC

