LEADER 01119cas a2200301 a 4500
001 005000102-7
005 20020604113839.0
008 861113c19uu9999ko uu        f0  | 0kor  
010   $a86658615
035 0 $aocm14706155
040   $aDLC$cDLC$dDLC$dOCoLC$d*YNH*$dCStRLIN
042   $alc
043   $aa-ko---
050 00$aHD4966.B892$bK636
245 00$6880-01$aOgoe kŭlloja chikchongbyŏl imgŭm chosa pogosŏ =$bReport on outdoor employees' occupational wage survey.
246 11$aReport on outdoor employees' occupational wage survey.
260   $6880-02$a[Seoul] :$bNodongbu.
300   $av. ;$c27 cm.
500   $aDescription based on: 1985.
546   $aIn Korean.
650  0$aWages$xConstruction workers$zKorea (South)$vPeriodicals.
650  0$aWages$xStevedores$zKorea (South)$vPeriodicals.
710 1 $6880-03$aKorea (South).$bNodongbu.
880 00$6245-01$a옥외근로자직종별임금조사보고서 =$bReport on outdoor employees' occupational wage survey.
880   $6260-02$a[Seoul] :$b노동부.
880 1 $6710-03$aKorea (South).$b노동부.
988   $a20021201
906   $0DLC

