LEADER 01066nam a2200253I  4500
001 005000103-5
005 20020606095253.2
008 790628s1956    xx            000 0 bul c
010   $a   57034969 
035 0 $aocm05116053
040   $aDCL$cOSU$dHLS
043   $ae-bu---
050   $aDR90$b.G5
100 1 $aGindev, Panaĭot Atanasov.
245 10$aKŭm vŭprosa za kharaktera na narodno-demokraticheskata revoli︠u︡t︠s︡ii︠a︡ v Bŭlgarii︠a︡.
260   $aSofii︠a︡,$bBŭlgarska akademii︠a︡ na naukite$c[1956]
300   $a294 p.$c21 cm.
500   $aIn Cyrillic characters.
500   $aAt head of title: Bŭlgarska akademii︠a︡ na naukite. Otdelenie za istorii︠a︡, arkheologii︠a︡ i filosofii︠a︡.
651  0$aBulgaria$xHistory$y1944-
655  7$aHistory.$2fast
776 08$iOnline version:$aGindev, Panaĭot Atanasov.$tKŭm vŭprosa za kharaktera na narodno-demokraticheskata revoli͡ut͡sii͡a v Bŭlgarii͡a.$dSofii͡a, Bŭlgarska akademii͡a na naukite [1956]$w(OCoLC)583998920
988   $a20020608
906   $0OCLC

