LEADER 00954cam a22002771  4500
001 005000104-3
005 20020606095253.2
008 790619s1967    gw            000 0ager  
010   $a   79356742 //r832
015   $aGDNB67-A24-131
035 0 $aocm05136912
040   $aDLC$cDLC$dHLS
041 1 $agereng
050 0 $aD411$b.B5 Heft 12$aD1060
082   $a320.9/4 s$a341.24/2
100 1 $aGladwyn, Hubert Miles Gladwyn Jebb,$cBaron,$d1900-1996.
240 10$aEuropean idea.$lGerman
245 10$aPlädoyer für Europa.$c[Von] Lord Gladwyn. (Übersetzung von Irmgard Kutscher.)
260   $aKöln,$bEuropa Union Verlag$c(1967)
300   $a148 p.$c21 cm.
490 1 $aEuropäische Schriften des Bildungswerks Europäische Politik,$vHeft 12
500   $aTranslation of The European idea.
650  0$aEuropean federation.
810 2 $aBildungswerk Europäische Politik.$tEuropäische Schriften ;$vHeft 12.
988   $a20020608
906   $0DLC

