LEADER 00746nam a2200217I  4500
001 005000105-1
005 20020606095253.2
008 790706s1909    gw ac         001 0 ger c
010   $aa  10000432 
035 0 $aocm05144341
040   $aIllinois. Univ. Library$cAZS$dAZS$dHFL
050 0 $aND565$b.H4
100 1 $aHeidrich, Ernst.
245 14$aDie altdeutsche Malerei ;$b200 Nachbildungen, mit geschichtlicher Einführung und Erläuterungen$cvon Ernst Heidrich. 1-30 Tausend.
260   $aJenna,$bE. Diederichs,$c1909.
300   $a2 p. l., 275, [1] p. incl. 200 illus. (incl. ports.)$c27 cm.
490 0 $aDie Kunst in Bildern. [Bd. 1]
650  0$aPainting$zGermany$xHistory.
650  0$aPainters$zGermany.
988   $a20020608
906   $0OCLC

