LEADER 00759nam a2200229Ii 4500
001 005000106-X
005 20060920153715.0
008 790716s1973    alu      b    000 0 eng d
035 0 $aocm05174064
040   $aIAD$cIAD$dHLS
050  4$aHV9275$b.S6
090   $aHV8759$b.S4x
100 1 $aSmith, R. R.
245 10$aCorrectional officer training in behavior modification:$bfinal report (1970-73) /$cR.R. Smith, W.O. Jenkins, and L.A. Hart.
260   $aMontgomery, Ala. :$bExperimental Manpower Laboratory for Corrections, Rehabilitation Research Foundation,$c1973.
300   $a102 p. ;$c28 cm.
490 0 $aTechnical report
504   $aBibliography: p. 44-47.
700 1 $aJenkins, W. O.
700 1 $aHart, Lynda A.
988   $a20020608
906   $0OCLC

