LEADER 00675nam a2200229Ii 4500
001 005000107-8
005 20020606095253.2
008 790716s1889    enk           000 0beng d
035 0 $aocm05174153
040   $aIND$cIND$dHHG
090   $aPR4836$b.C727
100 1 $aColvin, Sidney,$cSir,$d1845-1927.
245 10$aKeats /$cby Sidney Colvin.
250   $aNew ed.
260   $aLondon ;$aNew York :$bMacmillan,$c1889.
300   $axii, 233 p. ;$c19 cm.
490 0 $aEnglish men of letters
500   $a"First edition 1887. New edition 1889. Reprinted 1898, 1899."
500   $aAuthorities: p. [v]-ix.
600 10$aKeats, John,$d1795-1821.
988   $a20020608
906   $0OCLC

