LEADER 00780nam a2200277I  4500
001 005000108-6
005 20020606095253.2
008 790723s1965    maua          000 0 eng  
010   $a   66004141 
035 0 $aocm05199096
040   $aDLC$cAKR$dHFL
050 0 $aNC740$b.G7
082   $a741.4
100 1 $aGregory, Albert.
245 10$aConstruction, color, and moire.
260   $aCambridge, Mass.$c[1965]
300   $a36 p. of illus. (part col.)$c23 cm.
500   $aStamped on t. p.: American distributor, Wittenborn, New York.
500   $aOn double leaves.
500   $a200 copies. No. 45.
500   $aTwo plastic overlays in pocket.
650  0$aComposition (Art)
650  0$aLine (Art)
650  0$aShades and shadows.
988   $a20020608
906   $0DLC

