LEADER 00920nam a2200241Ii 4500
001 005000109-4
005 20090712194623.0
008 790725s1942    nyua     b    000 0 eng d
035 0 $aocm05206894
040   $aMST$cMST$dHMZ
090   $aQE881$b.C75
100 1 $aColbert, Edwin H.$q(Edwin Harris),$d1905-2001.
245 10$aTriumph of the mammals /$cby Edwin H. Colbert.
260   $a[New York?] :$bAmerican Museum of Natural History,$c1942.
300   $a11, [5] p. :$bill. ;$c31 cm.
490 0 $aGuide leaflet series of the American museum of natural history ;$vno. 112
500   $a"Issued under the direction of the Committee on popular publications, Roy W. Miner, chairman."
500   $a"Reprinted from Natural history volume XLIX. no. 5 and volume L. no. 1 May and June, 1942."
504   $aReading list p. [16].
650  0$aMammals, Fossil.
650  0$aGlacial epoch.
988   $a20020608
906   $0OCLC

