LEADER 00758cam a2200229Ii 4500
001 005000110-8
005 20020606095253.2
008 790726s1963    ve            000 0 spa d
035 0 $aocm05211195
040   $aUUM$cUUM$dOCL$dHLS
041 1 $aspafre
090   $aPN3463$b.G518
100 1 $aGirard, René,$d1923-
240 00$aMensonge romantique et vérité romanesque.$lSpanish
245 10$aMentira romantica y verdad novelesca /$cRene Girard ; traducido por Guillermo Sucre.
260   $aCaracas :$bUniversidad Central de Venezuela,$cc1963.
300   $a227 p. ;$c21 cm.
490 0 $aColeccion temas
500   $aTranslation of Mensonge romantique et verité romanesque.
650  0$aFiction$xHistory and criticism.
988   $a20020608
906   $0OCLC

