LEADER 01006cam a2200265I  4500
001 005000111-6
005 20020606095253.2
008 790731s1944    maua          000 0 eng  
010   $a   44047154 
035 0 $aocm05226233
040   $aDLC$cSMI$dOCL$dHFL
050   $aN5020$b.C234
110 2 $aFogg Art Museum
245 10$aExhibition: Washington, Lafayette, Franklin;$bportraits, books, manuscripts, prints, memorabilia, for the most part from the collections of the university.
260   $a[Cambridge]$bFogg Museum of Art, Harvard University,$c1944.
300   $a53 p.$billus. (ports.)$c24 cm.
500   $aOn cover: February 22 to May 28, 1944.
500   $aPreface signed: Agnes Mongan [and] Mary Wadsworth.
600 10$aWashington, George,$d1732-1799.
600 10$aLafayette, Marie Joseph Paul Yves Roch Gilbert Du Motier,$cmarquis de,$d1757-1834.
600 10$aFranklin, Benjamin,$d1706-1790.
700 1 $aMongan, Agnes.
700 1 $aWadsworth, Mary.
988   $a20020608
906   $0DLC

