LEADER 00556nam a2200205   4500
001 005000112-4
005 00000000000000.0
008 790802s1954    nyua          000 0 eng  
010   $a   54011553 
035 0 $aocm05232060
040   $aDLC$cIBA$dHBS
050   $aHF5383$b.W475
100 1 $aWilling, Jules Z.
245 10$aHow to land the job you want.
260   $a[New York]$bNew American Library$c[1954]
300   $a192 p.$billus.$c19 cm.
490 0 $aA Signet key book, Ks 316
650  0$aApplications for positions.
988   $a20020608
906   $0DLC

