LEADER 00919cam a2200301 i 4500
001 005000113-2
005 20020606095253.2
008 790620s1975    fr a     bc   001 0 fre  
010   $a   79354696 
015   $aF76-6376
020   $a201002589X :$c28.00F
035 0 $aocm05241267
035 0 $aocm05241267$zocm03130596
040   $aDLC$cDLC$dOCL$dHFL
050 0 $aD16.255.A8$bF47
082   $a016.909
100 1 $aFerro, Marc.
245 10$aAnalyse de film, analyse de sociétés :$bune source nouvelle pour l'histoire /$cMarc Ferro, ....
260   $aParis :$bHachette,$c1975.
300   $a135 p. :$bill. ;$c24 cm.
440  0$aPédagogies pour notre temps
500   $aIncludes indexes.
504   $aBibliography: p. 123-124.
504   $aFilmography: p. 65-122.
650  0$aHistory$xStudy and teaching$xAudio-visual aids.
650  0$aHistory$xFilm catalogs.
988   $a20020608
906   $0DLC

