LEADER 00862cam a2200229 a 4500
001 005000114-0
005 00000000000000.0
008 790806s1888    enka     b    000 0 eng d
010   $a   11032773 
035 0 $aocm05245785
040   $aDLC$cCLE$dHBS$dHMM
050   $aSB269$b.L8
100 1 $aLock, Charles G. Warnford$q(Charles George Warnford),$d1853-1909.
245 10$aCoffee: its culture and commerce in all countries /$cedited by C.G. Warnford Lock.
260   $aLondon ;$aNew York :$bE. and F.N. Spon,$c1888.
300   $ax, 264 p. :$bill. ;$c19 cm.
504   $aBibliography: p. 257-258.
650  0$aCoffee.
830  0$aHarvard social history/business preservation microfilm project.$nProject 3 ;$v30083.$5mmf
830  0$aHarvard social history/business preservation microfilm project.$nProject 3 ;$v30083.$5mmf
988   $a20020608
906   $0DLC

