LEADER 01128nam a2200265I  4500
001 005000115-9
005 20070618205649.0
008 790808s1859    au            000 0 ger c
010   $aa  52010284 
035 0 $aocm05254631
040   $aCornell Univ. Library$cCOO$dHLS
041 0 $ager$alat
050 1 $aDB3$b.F68 Abt. 2, Bd. 19
100 1 $aGindely, Antonín,$d1829-1892,$eed.
245 00$aQuellen zur Geschichte der Böhmischen Brüder, vornehmlich ihren Zusammenhang mit Deutschland betreffend.
260   $aWien,$bHof-und Staatsdruckerei,$c1859
300   $a460 p.$c23 cm.
490 1 $aFontes rerum Austriacarum. 2. Abt. Diplomataria et acta,$vBd. 19
610 20$aBohemian Brethren$xHistory$xSources.
655  7$aHistory.$2fast
655  7$aSources.$2fast
776 08$iOnline version:$aGindely, Antonín, 1829-1892.$tQuellen zur Geschichte der Böhmischen Brüder, vornehmlich ihren Zusammenhang mit Deutschland betreffend.$dWien : Hof-und Staatsdruckerei, 1859$w(OCoLC)793570436
830  0$aFontes rerum Austriacarum.$nZweite Abtheilung,$pDiplomataria et acta ;$v19. Bd.
988   $a20020608
906   $0OCLC

