LEADER 01152cam a2200289I  4500
001 005000116-7
005 20020606095253.2
008 790809s1968    nyuabe        000 0 eng d
035 0 $aocm05257490
035 0 $aocm05257490$zocm01089265
040   $aNJT$cNJT$dOCL$dIXA$dOCL$dHFL
041 0 $aeng$hfre
050  4$aN7832$b.G6813 1968
082   $a704.948/2
100 1 $aGrabar, André,$d1896-1990.
240 10$aPremier art chrétien (200-395)$lEnglish
245 00$aEarly Christian art;$bfrom the rise of Christianity to the death of Theodosius.$cTranslated by Stuart Gilbert and James Emmons.
260   $aNew York,$bOdyssey Press$c[c1968]
300   $a325 p.$billus., maps, plans.$c28 cm.
440  4$aThe Arts of mankind,$vv. 9
500   $aPart of the illustrative matter is colored.
500   $aTranslation of Le Premier art chrétien (200-395)
504   $aBibliography: p. 307-313.
650  0$aArt, Early Christian.
776 08$iOnline version:$aGrabar, André, 1896-1990.$sPremier art chrétien (200-395). English.$tEarly Christian art.$dNew York : Odyssey Press, ©1968$w(OCoLC)559402060
988   $a20020608
906   $0OCLC

