LEADER 01011cam a2200277 a 4500
001 005000117-5
005 20080627213700.0
008 790814s1966    dcuab    b   f000 0 eng u
035 0 $aocn802346626
035 0 $aocm05273042
040   $cOEL$dAGL$dHBS
043   $an-us---
072   $aF120$aE700
245 00$aTobacco in the United States :$bproduction, marketing, manufacturing, exports.
250   $aRev. Oct. 1966.
260   $aWashington, D.C. :$bU.S. Dept. of Agriculture, Consumer and Marketing Service,$c1966.
300   $a62 p. :$bill., maps ;$c26 cm.
490 1 $aMiscellaneous publication / United States Department of Agriculture ;$vno. 867
504   $aBibliography: p. 60-62.
650  0$aTobacco$zUnited States.
650  0$aTobacco industry$zUnited States.
700 1 $aDoub, Albert,$d1917-
710 1 $aUnited States.$bConsumer and Marketing Service.
830  0$aMiscellaneous publication (United States. Department of Agriculture) ;$vno. 867.
988   $a20020608
906   $0MH

