LEADER 01168cam a2200325   4500
001 005000118-3
005 00000000000000.0
008 790815s1934    nyu      b    000 0 eng  
010   $a   34006131 
035 0 $aocm05274988
040   $aDLC$cCLE$dOCL$dHBS
043   $an-us---
050   $aHD8072$b.M186
082   $a331.0973
100 1 $aMacDonald, Lois.
245 10$aLabor and the N.R.A.,$cby Lois MacDonald, Gladys L. Palmer [and] Theresa Wolfson.
260   $aNew York city,$bAffiliated schools for workers, inc.$c[c1934]
300   $a51 p.$c23 cm.
504   $aBibliography: p. 49-51.
610 10$aUnited States.$tNational Industrial Recovery Act of 1933.
650  0$aLabor$zUnited States.
650  0$aLabor unions$zUnited States.
650  0$aWorking class$zUnited States.
700 1 $aPalmer, Gladys L.$q(Gladys Louise)
700 1 $aWolfson, Theresa,$d1897-
710 2 $aAffiliated Schools for Workers.
700 1 $aWolfson, Theresa,$d1897-1972.
776 08$iOnline version:$aMacDonald, Lois.$tLabor and the N.R.A.$dNew York city, Affiliated schools for workers, inc. [©1934]$w(OCoLC)765863228
988   $a20020608
906   $0DLC

