LEADER 00608nam a2200181I  4500
001 005000119-1
005 20020606095253.2
008 790816s1747    enk           000 0 eng d
035 0 $aocm05279920
040   $aTYC$cTYC$dHHG
090   $aPR1269$b.C6
245 02$aA Companion to the theatre;$bor, A view of our most celebrated dramatic pieces in which the plan, characters and incidents of each are particularly explained.
260   $aLondon,$bJ. Nourse,$c1747.
300   $a2 v.$c17 cm.
650  0$aEnglish drama$xStories, plots, etc.
650  0$aEnglish drama$y18th century.
988   $a20020608
906   $0OCLC

