LEADER 00728nam a2200217I  4500
001 005000120-5
005 20131002181311.0
008 790822s1960    xx            000 0 fre d
035 0 $aocm05298528
040   $aZLM$cZLM$dHFL
100 1 $aHeid, Hans.
245 14$aDie Lautenbacher Wallfahrtskirche;$bder Geist der Spätgotik in Baukunst, Plastik und Malerei am Oberrhein.
260   $aBaden-Baden/Strasbourg,$bHeitz,$c1960.
300   $a131 p.$billus.$c24 cm.
490 1 $aStudien zur deutschen Kunstgeschichte,$vBd. 327
504   $aIncludes bibliography.
610 10$aLautenbach, Haut-Rhin.$bKirche.
650  0$aArt, Gothic.
830  0$aStudien zur deutschen Kunstgeschichte ;$vBd. 327.
988   $a20020608
906   $0OCLC

