LEADER 00642nam a2200193Ki 4500
001 005000121-3
005 20020606095253.2
008 790824m19491950gw            000 0 ger d
035 0 $aocm05305855
040   $aSTS$cSTS$dHLS
090   $aBT10$b.G55
245 00$aGlaube und Forschung :$bVorträge und Abhandlungen der Evang. Akademie Christophorus-Stift /$cIn Verbindung mit Karl Lücking und Hans Erich Stier ; Hrsg. von Günter Howe.
260   $aGütersloh :$bC. Bertelsmann Verlag,$c1949-1950.
300   $a2 v.
650  0$aTheology.
650  0$aChurch music.
700 1 $aHowe, Günter,$d1908-1968,$eed.
988   $a20020608
906   $0OCLC

