LEADER 00986cam a2200241 i 4500
001 005000122-1
005 20080627213700.0
008 790825s1959    xxuak    s    000 0 eng d
035 0 $aocm05309842
040   $aABC$cABC$dOCL$dHBS
110 2 $aAmerican Management Association.$bInsurance Division.
245 10$aCompleted specimens of U.S. Department of Labor forms D-1 and D-2 :$bguides for complying with the Welfare and Pension Plans Disclosure Act (Public Law 85-836) /$c[Insurance Division, American Management Association].
260   $a[s.l] :$bThe Division,$cc1959.
300   $a52 p. :$bchiefly ill., forms ;$c23 cm.
490 1 $aSupplement - AMA management report ;$vno. 33
500   $aCaption title.
650  0$aOld age pensions$zUnited States.
650  0$aLabor union welfare funds$zUnited States.
710 1 $aUnited States.$bDepartment of Labor.
710 1 $aUnited States.
830  0$aAMA management report ;$vno. 33, suppl.
988   $a20020608
906   $0OCLC

