LEADER 00866cas a2200289I  4500
001 005000123-X
005 20020606095253.2
008 790827d19601965it br p       0    0ita d
010   $a   63059062 
022   $a0531-2329
035 0 $aocm05313001
040   $aLYU$cLYU$dMUL$dHLS
050 0 $aPN5$b.E8
245 02$aL'Europa letteraria. L'Europa artistica. L'Europa cinematografica.
246 30$aEuropa artistica
246 30$aEuropa cinematografica
260   $aRoma,$bEdizioni rapporti europei.
300   $a6v.$bill.$c21cm.
362 0 $av.1-6 (no.1-35); Jan.1960-May/June 1965.
500   $aOrder of title varies.
500   $aDirettore: Giancarlo Vigorelli.
650  0$aLiterature, Modern$vPeriodicals.
650  0$aArt$vPeriodicals.
650  0$aMotion pictures$vPeriodicals.
730 0 $aEuropa letteraria
988   $a20020608
906   $0OCLC

