LEADER 00568nam a2200217   4500
001 005000124-8
005 00000000000000.0
008 790827s1947    nyuad         000 0 eng d
035 0 $aocm05315884
040   $aCLE$cCLE$dHBS
050  4$aTX415$b.C65 1947
110 2 $aMerrill Lynch, Pierce, Fenner & Smith, inc.
245 10$aCoffee.
260   $a[New York,$cc1947]
300   $a32 p., illus., charts.
500   $aCover-title.
650  0$aCoffee.
650  0$aCoffee industry.
710 2 $aMerrill Lynch, Pierce, Fenner & Beane.
988   $a20020608
906   $0OCLC

