LEADER 00836cam a2200229Ia 4500
001 005000125-6
005 20020606095253.2
008 790828s1978    maua     c    000 0 eng d
035 0 $aocm05318093
035 0 $aocm05318093$zocm13838439
040   $aOAC$cOAC$dOCL$dNJS$dHFL
100 1 $aFerrer, Rafael.
245 10$aRafael Ferrer, recent work and an installation :$b[exhibition] : September 13 to October 29, 1978 : Institute of Contemporary Art, Boston, Massachusetts.
246 3 $aRecent work and an installation.
260   $aBoston, Mass. :$bInstitute of Contemporary Art,$c[1978]
300   $a[20] p. :$bill. ;$c28 cm.
500   $aTitle from cover p. [2]
500   $a"Catalogue": p. [20]
600 10$aFerrer, Rafael$vExhibitions.
710 2 $aInstitute of Contemporary Art (Boston, Mass.)
988   $a20020608
906   $0OCLC

