LEADER 01283nam a2200313Ii 4500
001 005000126-4
005 20020606095253.2
008 790830s1930    ii cf    b    001 0beng d
035 0 $aocm05328392
040   $aCUS$cCUS$dHLS
043   $aa-ii---
090   $aDS461$b.G54 1930
100 1 $aGladwin, Francis,$d-1813?
245 14$aThe history of Jahangir /$cby Francis Gladwin ; edited with notes by Rao Bahadur K. V. Rangaswami Aiyangar.
246 3 $aHistory of Hindostan during the reigns of Jehangir, Shahjehan, and Aurungzebe.
250   $a[New ed.]
260   $aMadras :$bB.G. Paul,$c1930.
300   $axxiii, 184 p., [1] leaf of plates :$bport. ;$c23 cm.
500   $aOriginal ed. published 1788 under title: The history of Hindostan during the reigns of Jehangir, Shahjehan, and Aurungzebe.
500   $aIncludes index.
504   $aBibliography: p. xiv-xvi.
600 00$aJahangir,$cEmperor of Hindustan,$d1569-1627.
651  0$aIndia$xHistory$y1526-1765.
651  0$aMogul Empire.
651  0$aIndia$xKings and rulers$vBiography.
700 2 $aRangaswami Aiyangar, Kumbakonam Viraraghava,$d1880-
700 1 $aGladwin, Francis,$d-1813?$tHistory of Hindostan during the reigns of Jehangir, Shahjehan, and Aurungzebe.
988   $a20020608
906   $0OCLC

