LEADER 00835nam a2200241I  4500
001 005000127-2
005 20020606095253.2
008 790905s1965    gw a          000 0 ger  
010   $a   77473280 
035 0 $aocm05341968
040   $aDLC$cEEM$dHLS
050 0 $aZ315$b.G53
245 00$aGirardet Essen. 1865-1965.$c[Red. Bearb.: Ingrid Bauert-Keetman in Zusammenwirken mit der Firma W. Girardet, Essen.)
246 3 $a100 [Hundert] Jahre Girardet, Essen.
260   $a(Essen,$bGirardet,$c1965.
300   $a80 p.$bwith illus.$c31 cm.
500   $aOn spine: 100 Jahre Girardet, Essen.
610 21$aGirardet (W.)$b(Firm).
700 2 $aBauert-Keetman, Ingrid.
710 2 $aGirardet (W.).$b(Firm)
776 08$iOnline version:$tGirardet Essen. 1865-1965.$d(Essen, Girardet, 1965$w(OCoLC)709538619
988   $a20020608
906   $0DLC

