LEADER 00690nam a2200193K  4500
001 005000128-0
005 20020606095253.2
008 790905s1856    enkf   j      000 1 eng d
035 0 $aocm05342938
040   $aCLU$cCLU$dHLS
041 1 $aengfre
100 1 $aGirardin, Emile de,$cMme,$d1804-1855.
245 00$aStories of an old maid$brelated to her nephews and nieces.$cTranslated from the French of Mme. Émile de Girardin by Alfred Elwes. With sixteen illustrations by Gustave Doré and G. Fath.
260   $aLondon,$bAddey,$c1856.
300   $a232 p.$bfront.,[14] plates.$c23cm.
500   $aAdded illustrated t.p.
700 1 $aDoré, Gustave,$d1832-1883.
988   $a20020608
906   $0OCLC

