LEADER 01257nam a2200313   4500
001 005000129-9
005 00000000000000.0
008 790910s1942    enk           000 0 eng  
010   $a   43004955 
035 0 $aocm05358732
040   $aDLC$cCLE$dHBS
043   $ae-uk---
050   $aHD8390$b.M8
082   $a331
100 1 $aMurphy, J. T.$q(John Thomas),$d1888-1966.
245 10$aVictory production! :$bA personal account of seventeen months spent as a worker in an engineering and an aircraft factory; with a criticism of our present methods of production and a plan for its reorganisation.
260   $aLondon :$bJohn Lane,$c1942.
300   $av, [1], 7-164 p. incl. front.$c19 cm.
500   $aAt head of title: J. T. Murphy.
500   $a"First published in 1942."
650  0$aLabor$zGreat Britain.
650  0$aWorld War, 1939-1945$xEconomic aspects$zGreat Britain.
651  0$aGreat Britain$xEconomic policy.
650  0$aWorking class$zGreat Britain.
650  0$aLabor and laboring classes$zGreat Britain.
650  0$aLabor movement$zGreat Britain.
776 08$iOnline version:$aMurphy, J.T. (John Thomas), 1888-1966.$tVictory production!$dLondon, John Lane [1942]$w(OCoLC)609902748
988   $a20020608
906   $0DLC

