LEADER 00641cam a2200205 i 4500
001 005000130-2
005 00000000000000.0
008 790911s1953    dcu          f000 0 eng d
010   $a   53060262 
035 0 $aocm05360453
040   $aJAL$cJAL$dHBS
050 0 $aUA18$b.U5A57 1953
082   $a355.26
110 1 $aUnited States.$bOffice of Defense Mobilization.
245 10$aManpower for defense;$bpolicies and statements of the Office of Defense Mobilization.
260   $a[Washington :$bU.S. Govt. Print. Off.,$c1953]
300   $av, 51 p. :$c26 cm.
650  0$aIndustrial mobilization$zUnited States.
988   $a20020608
906   $0OCLC

