LEADER 01497cam a22003251  4500
001 005000131-0
005 20051018092635.0
008 770114s1965    fr afh        000 0 fre  
010   $a   67100454 //r886
035 0 $aocm05360494
035 0 $aocm05360494$zocm07706248$zocm27275358
040   $aDLC$cCMC$dDLC$dHFL
050 0 $aNA5551.S15$bS2
082 0 $a726/.7/094452$219
245 00$aSaint-Benoit-sur-Loire:$bDialogues de saint Grégoire et Règle de saint Benoît,$c[extraits] traduits par É. de Solms.
260   $a[La Pierre-qui-Vire]$bZodiaque,$c1965.
300   $a199 p.,$billus., facsims., col. plates.$c26 cm.
490 1 $aLes Points cardinaux ;$v11
610 20$aSaint-Benoît-sur-Loire (Abbey)
650  0$aSymbolism in architecture.
700 1 $aSolms, E. de$q(Elisabeth),$etr.
700 1 $aSolms, E. de$q(Elisabeth),$etranslator.
700 02$aGregory$bI,$cPope,$dapproximately 540-604.$tDe vita et miraculis venerabilis Benedicti.$kSelections.$lFrench.$f1965.
700 02$aBenedict,$cSaint, Abbot of Monte Cassino.$tRegula.$kSelections.$lFrench.$f1965.
700 02$aGregory$bI,$cPope,$dapproximately 540-604.$tDe vita et miraculis venerabilis Benedicti.$kSelections.$lFrench.
700 02$aBenedict,$cSaint, Abbot of Monte Cassino.$tRegula.$kSelections.$lFrench.
776 08$iOnline version:$tSaint-Benoit-sur-Loire.$d[La Pierre-qui-Vire] Zodiaque, 1965$w(OCoLC)563800739
830  0$aCollection "Points cardinaux" ;$v11.
988   $a20020608
906   $0DLC

