LEADER 00501cam a2200181I  4500
001 005000132-9
005 20020606095253.2
008 790911s1930    nyu           000 1 eng  
010   $a   30003354 
035 0 $aocm05360839
040   $aDLC$cDVP$dHLS
050 0 $aPZ3.G5415$bTh
100 1 $aGoddard, Gloria,$d1897-
245 10$aThese lords' descendants,$cby Gloria Goddard.
260   $aNew York,$bFrederick A. Stokes compay,$c1930.
300   $a4 p. ℓ, 3-394 p.$c20 cm.
988   $a20020608
906   $0DLC

