LEADER 01017cam a2200253   4500
001 005000133-7
005 00000000000000.0
008 790911s1941    ilu           000 0 eng  
010   $a   41052498 //r42
035 0 $aocm05360977
040   $aDLC$cAFU$dOCL$dHBS
050 0 $aHD9282.U4$bT65
100 1 $aTompkins, Dorothy Louise Campbell Culver.
245 10$aState and federal regulation of the milk industry,$cby Dorothy C. Culver, Research assistant, Bureau of Public Administration, University of California.
260   $aChicago, Ill.,$bThe Council of State Governments,$c1941.
300   $a19 ℓ.$c28 cm.
500   $aReproduced from type-written copy.
504   $a"Selected reading list": leaves 18-19.
650  0$aMilk trade$zUnited States.
650  0$aFood law and legislation$zUnited States.
710 2 $aUniversity of California, Berkeley.$bInstitute of Governmental Studies.
710 2 $aUniversity of California, Berkeley.$bBureau of Public Administration.
988   $a20020608
906   $0DLC

