LEADER 00730cam a2200217I  4500
001 005000134-5
005 20020606095253.2
008 790912s1927    enka   j      000 1 eng  
010   $a   47034909 
035 0 $aocm05363730
040   $aDLC$cINT$dINT$dHHG
050 0 $aPR6007.E3$bO4
100 1 $aDe la Mare, Walter,$d1873-1956
245 10$aOld Joe,$cby Walter De La Mare; pictures by C. T. Nightingale.
260   $aOxford,$bB. Blackwell$c[1927]
300   $a29 p.$billus.$c22 cm.
490 0 $aContinuous stories
700 1 $aNightingale, C.$q(Charles),$d1878-$eillustrator.
776 08$iOnline version:$aDe la Mare, Walter, 1873-1956.$tOld Joe.$dOxford, B. Blackwell [1927]$w(OCoLC)612945218
988   $a20020608
906   $0DLC

