LEADER 01174nam a2200289Ii 4500
001 005000135-3
005 20020606095253.2
008 790914s1870    enk           000 0 eng d
020   $c$38.97
035 0 $aocm36739872
035 0 $aocm05375568
040   $aHLS$cFDA$dFDA$dHMZ
043   $aa------$ap------
050 00$aG440$b.C68
090   $aG440$b.F74
100 1 $aFrere, Alice M.
245 14$aThe antipodes and round the world :$bor, Travels in Australia, New Zealand, Ceylon, China, Japan, and California /$cby Alice M. Frere (Mrs. Godfrey Clerk).
246 30$aAntipodes and round the world
246 30$aTravels in Australia, New Zealand, Ceylon, China, Japan, and California
260   $aLondon :$bHatchards,$c1870.
300   $a633 p., [7] leaves of plates :$bill. ;$c23 cm.
650  0$aVoyages around the world.
600 10$aFrere, Alice M.$xTravel$zPacific Area.
650  0$aPacific Area$xDescription and travel.
776 08$iOnline version:$aFrere, Alice M.$tAntipodes and round the world, or, Travels in Australia, New Zealand, Ceylon, China, Japan, and California.$dLondon, Hatchards, 1870$w(OCoLC)609916880
988   $a20020608
906   $0MH

