LEADER 00744cam a2200217I  4500
001 005000136-1
005 20020606095253.2
008 790914s1928    po a          000 0 por d
035 0 $aocm05376162
040   $aCSH$cCSH$dHFL
100 1 $aFerreira, J. Augusto$q(José Augusto)
245 10$aPorto.$bOrigens historicas e seus principaes monumentos: Cathedral, Santa Clara, S. Francisco e Cedofeita.$cTrabalhos photographicos de Marques Abreu.
260   $aPorto,$bMarques Abreu,$c1928
300   $a54 p.$billus.$c16 cm.
490 0 $aA arte em Portugal;$vn. 1
500   $aText in Portuguese and French.
650  0$aArchitecture$zPortugal$zPorto.
651  0$aPorto (Portugal)
651  0$aPortugal$xHistory.
988   $a20020608
906   $0OCLC

