LEADER 01019nam a2200253I  4500
001 005000137-X
005 20020606095253.2
008 790917s1905    stk           000 0 eng  
010   $a   10007742 
035 0 $aocm05382162
040   $aDLC$cSUC$dHLS
043   $ae-uk---
050   $aJN276$b.G7
100 1 $aGodard, John George.
245 10$aRacial supremacy, being studies in imperialism,$cby John George Godard.
260   $aEdinburgh,$bG.A. Morton;$c1905.
300   $avii, 323, [1] p.$c20 cm.
505 8 $aI: Imperialism: its nature and products; II: Liberalism and imperialism; III: Commercialism and imperialism; IV: Ecclesiasticism and imperialism; V: The ethics of empire; VI: The burden of empire; Index.
650  0$aImperialism.
651  0$aGreat Britain$xColonies.
651  0$aGreat Britain$xCommercial policy.
776 08$iOnline version:$aGodard, John George.$tRacial supremacy, being studies in imperialism.$dEdinburgh, G.A. Morton 1905$w(OCoLC)646890689
988   $a20020608
906   $0DLC

