LEADER 00867cam a2200253   4500
001 005000138-8
005 00000000000000.0
008 790919s1960    fr       b    000 0 fre  
010   $a   62058145 //r
035 0 $aocm05389708
040   $aDLC$cBUF$dOCL$dHBS
050 0 $aHD2060.5$b.S3
100 1 $aSaab, Gabriel S.
245 10$aMotorisation de l'agriculture et développement agricole au Proche-Orient.
260   $aParis,$bSEDES$c[1960]
300   $axiii, 407 p.$btables.$c25 cm.
490 1 $aEcole pratique des hautes études (France) Développement économique,$v2
500   $aErrata slip inserted.
504   $aBibliography: p. [404]-407.
650  0$aAgriculture$zMiddle East.
650  0$aFarm mechanization$zMiddle East.
830  0$aDéveloppement économique (Ecole pratique des hautes études (France)) ;$v2.
988   $a20020608
906   $0DLC

