LEADER 00598cam a2200205I  4500
001 005000139-6
005 20020606095253.2
008 790920s1925    enka   j      000 1 eng  
010   $a   46036238 
035 0 $aocm05395156
040   $aDLC$cOCA$dSER$dHHG
050   $aPZ7.D3724$bMi
100 1 $aDe la Mare, Walter,$d1873-1956.
245 10$aMiss Jemima,$cby Walter De La Mare; illustrated by Alec Buckels.
260   $aOxford,$bB. Blackwell$c[1925]
300   $a36 p.$bcol. front., illus.$c22 cm.
440  4$a[The Jolly books]
700 1 $aBuckels, Alec,$eillus.
988   $a20020608
906   $0DLC

