LEADER 00598nam a2200217I  4500
001 005000140-X
005 20020606095253.2
008 790921s1959    sz acf        000 0 fre  
010   $aa  62002045 
035 0 $aocm05396480
040   $aDLC$cNJT$dHFL
050  4$aNB553.A5$bF4
100 1 $aFerrier, Jean Louis.
245 00$aAndréou.
260   $aGenève,$bP. Cailler$c[1959]
300   $a77 p.$billus., 13 plates, port.$c19 cm.
440  3$aLa Nouvelle école de Paris ;$v6.
600 10$aAndreou, Kōstas,$d1917-2007.
600 10$aAndréou, Constantin,$d1917-
988   $a20020608
906   $0DLC

