LEADER 01054cam a2200265I  4500
001 005000141-8
005 20020606095253.2
008 790921s1964    it a          000 0 ita  
010   $a   79252603 
035 0 $aocm05397493
035 0 $aocm05397493$zocm00313088
040   $aDLC$cCLU$dHLS
050   $aPN1997$b.G268
100 1 $aGambetti, Giacomo,$d1932-
245 00$aSedotta e abbandonata di Pietro Germi.$ca cura di Giacomo Gambetti.
260   $a[Bologna]$bCappelli$c[1964]
300   $a243 p.$billus.$c21 cm.
490 0 $aDal soggetto al film,$v31
505 0 $aUn uomo all'antica.--Le ragioni del prodůttore.--Conversazioni con la "troupe."--Appunti di diario.--La sceneggiatura.--Due lettere.--I titoli di testa.
700 1 $aGermi, Pietro,$d1914-1974.
730 0 $aSedotta e abbandonata$h(Motion picture)
730 0 $aSeduced and abandoned$h(Motion picture)
776 08$iOnline version:$aGambetti, Giacomo, 1932-$tSedotta e abbandonata di Pietro Germi.$d[Bologna] Cappelli [1964]$w(OCoLC)894356461
988   $a20020608
906   $0DLC

