LEADER 00760nam a2200253I  4500
001 005000142-6
005 20020606095253.2
008 790921s1943    maua         l000 0 eng  
010   $a   43017656 
035 0 $aocm05398270
040   $aDLC$cSMI$dHFL
050   $aN5020$b.C236
110 2 $aFogg Art Museum
245 10$aNorth Africa interpreted by European artists.$bFogg museum of art, Harvard university, March 24-April 24, 1943.
260   $aCambridge,$c1943]
300   $a11 [1] p.$billus. (map)$c24 cm.
500   $aIllustration on t.-p.
500   $aIntroduction by Agnes Mongan.
650  0$aPainting$xExhibitions.
650  0$aEngraving$xExhibitions.
651  0$aAfrica, North.
700 1 $aMongan, Agnes.
988   $a20020608
906   $0DLC

