LEADER 00647nam a2200205I  4500
001 005000143-4
005 20020606095253.2
008 790921s1956    xx a         f000 0 eng d
010   $a   60031854 
035 0 $aocm05398385
040   $aTXA$cTXA$dHLS
090   $aHN690.Z9$bC692x
100 1 $aTaylor, Carl C.$q(Carl Cleveland),$d1884-1975.
245 12$aA critical analysis of India's community development programme,$cby Carl C. Taylor.
260   $a[n.p.]$bCommunity Projects Administration, Govt. of India$c[1956]
300   $a62 p.$billus.
500   $aCover title.
650  0$aCommunity development$zIndia.
988   $a20020608
906   $0OCLC

