LEADER 00604nam a2200193   4500
001 005000144-2
005 00000000000000.0
008 790926s1958    fr a          000 0 eng  
010   $a   59001676 
035 0 $aocm05427184
040   $aDLC$cCLE$dHBS
050   $aS561$bO673
110 2 $aEuropean Productivity Agency.
245 10$aFarm management;$bmanual on the preparaton of national and regional handbooks for use in farm management advisory work. Project no. 395/1.
260   $aParis$c[1958]
300   $a155 p.$bdiagrs., tables.$c24 cm.
650  0$aFarm management.
988   $a20020608
906   $0DLC

