LEADER 00874nam a2200241I  4500
001 005000145-0
005 20020606095253.2
008 790926s1966    gw            000 0 ger  
010   $a   67100846 
035 0 $aocm05427212
040   $aDLC$cBUF$dHLS
050 0 $aHB75$b.G55 1966
100 1 $aGlastetter, Werner.
245 14$aDas Integrationsproblem in den ökonomischen Grundwissenschaften.
260   $aStuttgart,$aBerlin,$aKöln,$aMainz,$bKohlhammer$c(1966)
300   $a252 p.$c24 cm.
490 1 $aVeröffentlichungen der Wirtschaftshochschule Mannheim. Reihe 1: Abhandlungen,$vBd. 16
502   $aIssued also as thesis, Wirtschaftshochschule, Mannheim.
504   $aBibliography: p. 245-252.
650  0$aEconomics$xHistory.
810 2 $aWirtschaftshochschule Mannheim.$tVeröffentlichungen.$pReihe 1: Abhandlungen ;$vBd. 16.
988   $a20020608
906   $0DLC

