LEADER 00629nam a2200217Ii 4500
001 005000146-9
005 20051108180937.0
008 791001s1957    it af         000 0 ita d
035 0 $aocm05451763
040   $aVRC$cVRC$dHFL
043   $ae-it---
050  4$aN2820$b.F43
100 1 $aFerrara, Luciana.
245 10$aTesori della Galleria Borghese /$ctesto di Luciana Ferrara.
260   $aMilano :$bA. Martello,$c1957.
300   $a24 p., [19] leaves of plates :$bill. (some col.) ;$c20 cm.
490 0 $aCollana "La minima"
650  0$aPainting$zItaly$zRome.
610 20$aGalleria Borghese.
988   $a20020608
906   $0OCLC

