LEADER 00578nam a2200181Ki 4500
001 005000147-7
005 20020606095253.2
008 791005s1959    sz       b    000 0 ger d
035 0 $aocm05469890
040   $aYU#$cYU#$dHLS
245 00$aGlaube und Unglaube in unserer Zeit :$bvier Zürcher Aulavorträge /$cvon Arthur Rich ... [et al.] ; Einleitung von Emil Staiger.
260   $aZürich :$bAtlantis-Verlag,$c1959.
300   $a74 p. ;$c23 cm.
504   $aIncludes bibliographical references.
650  0$aFaith.
700 1 $aRich, Arthur,$d1910-
988   $a20020608
906   $0OCLC

