LEADER 00779nam a2200217I  4500
001 005000148-5
005 20020606095253.2
008 791011s1924    xx f          000 0 por  
010   $a   32025535 
035 0 $aocm05515387
040   $aDLC$cUIU$dHFL
050 0 $aNC1649.B6$bF4
100 1 $aFerrão, Julieta,$d1899-
245 00$aRafael Bordalo Pinheiro e a crítica;$bimpressões, corrigendas, notas inéditas$cpor Julieta Ferrão.
260   $aCoimbra,$bImprensa da Universidade,$c1924.
300   $avii, 59 p. pl. 23 cm.
490 0 $aSubsidios para a historia da arte portuguesa. XII
500   $a"Desta ediçao tiraram-se 100 exemplares numerados e rubricados." This copy not numbered.
600 20$aBordallo Pinheiro, Raphael,$d1846-1905.
988   $a20020608
906   $0DLC

