LEADER 01088cam a2200277   4500
001 005000149-3
005 20121204222300.0
008 791023s1964    cauab    b    000 0 eng  
010   $a   66065299 
035 0 $aocm05578050
040   $aDLC$cCLE$dHBS
043   $ancnq---
050   $aHE199.5.C63$bR3
100 1 $aRadell, David R.
245 10$aCoffee and transportation in Nicaragua$c[by] David R. Radell.
260   $a[Berkeley? Calif.]$c1964.
300   $a71 ℓ.$billus., maps.$c28 cm.
500   $a"Report on field work carried out under ONR Contract Nonr-3656 (03), Project NR 388 067, Department of Geography, University of California, Berkeley."
504   $aBibliography: leaves [64]-68.
650  0$aCoffee$zNicaragua.
650  0$aCoffee$xTransportation.
710 2 $aUniversity of California.$bDepartment of Geography.
710 2 $aUniversity of California, Berkeley.$bDepartment of Geography.
776 08$iOnline version:$aRadell, David R.$tCoffee and transportation in Nicaragua.$d[Berkeley? Calif.] 1964$w(OCoLC)657057321
988   $a20020608
906   $0DLC

