LEADER 01053nem a2200301Ia 4500
001 005000150-7
005 20020606095253.2
008 961230s1995    onc       a     1   eng d
034 1 $aa$b25000
035 0 $aocm36141548
040   $aAZU$cAZU$dHLS
041   $aengfre
052   $a3484$bW5
090   $aG3484.W5$b1995 P4
110 2 $aPeter Heiler Ltd.
245 10$aWinnipeg :$bfull colour, highly detailed city map = carte urbaine en couleur et en detail /$cpublished by Peter Heiler Ltd.
246 11$aWinnipeg : carte urbaine en couleur et en detail.
250   $a1995 ed.
255   $aScale 1:25,000.
260   $aWhitby, Ont. :$bPeter Heiler Ltd. ;$aOshawa, Ont. : MapArt [distributor],$c[1995].
300   $a1 map :$bboth sides, col. ;$c100 x 119 cm., on sheet 100 x 70 cm., folded to 24 x 11 cm.
500   $aLegend in English and French.
500   $a"Copyright Schwerdt Graphic Arts Ltd."
500   $aIndexed.
500   $aIncludes inset of downtown.
651  0$aWinnipeg (Man.)$vMaps.
988   $a20020608
906   $0OCLC

