LEADER 00639nam a2200217   4500
001 005000151-5
005 00000000000000.0
008 791025s1962    utua     b    000 0 eng  
010   $a   63063167 /L
035 0 $aocm05586333
040   $aDLC$cIXA$dHBS
050 0 $aHD9433.U5$bU86
110 2 $aUniversity of Utah.$bBureau of Economic and Business Research.
245 10$aBeef cattle in the Utah economy,$cby John R. Evans [and others.
260   $aSalt Lake City]$c1962.
300   $a89 p.$billus.$c23 cm.
504   $aIncludes bibliography.
650  0$aCattle trade$zUtah.
700 1 $aEvans, John R.
988   $a20020608
906   $0DLC

