LEADER 00599nam a2200193I  4500
001 005000152-3
005 20020606095253.2
008 791026s1939    ilu           000 0 eng d
035 0 $aocm05590402
040   $aOSU$cOSU$dHLS
090   $aHV51$b.A3x
100 1 $aAbramson, Eva.
245 12$aA public welfare district office,$bits functions and organization,$cby Eva Abramson.
260   $aChicago, Ill.,$bAmerican public welfare association$c[1939]
300   $a27, [1] p.$bdiagrs.,$c28 cm.
500   $aReproduced from type-written copy.
650  0$aSocial service.
988   $a20020608
906   $0OCLC

