LEADER 00736cam a2200205I  4500
001 005000153-1
005 20020606095253.2
008 791029s1915    nyuf          000 1 eng  
010   $a   15007360 //r
035 0 $aocm05623240
040   $aDLC$cCUS$dCUS$dHLS
050   $aPZ3.G54$bP
100 1 $aGoddard, Charles,$d1879-1951.
245 14$aThe perils of Pauline :$ba motion picture novel /$cby Charles Goddard.
260   $aNew York :$bHearst's International Library,$c1915.
300   $aiv, 316 p.$bfront., plates.$c19 cm.
655  0$aFilm novelizations.
776 08$iOnline version:$aGoddard, Charles, 1879-1951.$tPerils of Pauline.$dNew York, Hearst's International Library [1915]$w(OCoLC)903442776
988   $a20020608
906   $0DLC

