LEADER 00740cam a2200181Ii 4500
001 005000154-X
005 20020606095253.2
008 791106s1965    ag a          000 0 spa d
035 0 $aocm05655693
040   $aKKU$cKKU$dIXA$dHLS
090   $aPQ7797.G253$bD42
100 1 $aGambaro, Griselda.
245 13$aEl Desatino :$b2 actos /$cGriselda Gambaro.
260   $aBuenos Aires :$bCentro de Experimentación Audiovisual del Instituto Torcuato Di Tella,$c1965.
300   $a114 p., [4] p. of plates :$bill. ;$c18 cm.
500   $aThis play has been rewritten from an earlier short story published in a collection by the author having the same title: El Desatino; cuentos, which was given the Premio Emecé in 1964.
988   $a20020608
906   $0OCLC

