LEADER 00726cam a2200229 a 4500
001 005000155-8
005 20020606095253.2
008 770126s1951    fr            000 0 fre  
010   $a   52022987 /L
035 0 $aocm05657893
040   $aDLC$cCMC$dDLC$dHVL$dHMM
050 0 $aJF475$b.T48
100 1 $aThérive, André,$d1891-1967.
245 10$aEssai sur les trahisons /$cAndré Thérive ; préface de Raymond Aron.
260   $aParis :$bCalmann-Lévy,$cc1951.
300   $axl, 214 p. ;$c22 cm.
440  0$aCollection "Liberté de l'esprit"
650  0$aTreason.
700 1 $aAron, Raymond,$d1905-1983.
830  0$aHarvard College Library preservation microfilm program ;$v04286.$5mmf
988   $a20020608
906   $0DLC

