LEADER 00687nam a2200229I  4500
001 005000156-6
005 20020606095253.2
008 791109s1879    nyu           000 0 eng  
010   $a   05025963 
035 0 $aocm05670442
040   $aDLC$cPKT$dHLS
050   $aDA560$b.G5
100 1 $aGladstone, W. E.$q(William Ewart),$d1809-1898
245 14$aThe country and the government.$cBy W. E. Gladstone.
260   $aNew York,$bA. S. Barnes$c[1879]
300   $a29 p.$c21 cm.
490 0 $aAtlas series of essays,$vno. 10
500   $aCaption title.
500   $aFrom the "Nineteenth century."
651  0$aGreat Britain$xHistory$yVictoria, 1837-1901.
988   $a20020608
906   $0DLC

