LEADER 00526cam a2200193Ii 4500
001 005000157-4
005 20020606095253.2
008 791110s1930    nyu           000 0 eng d
010   $a   31024424 
035 0 $aocm05672157
040   $aVYS$cVYS$dOCL$dHLS
050   $aPS3513.O15$bB7 1930
100 1 $aGoddard, Gloria,$d1897-
245 12$aA breadline for souls /$c[by] Gloria Goddard.
260   $aNew York :$bL. Copeland,$c1930.
300   $ax p., 2 l., 3-122 p. ;$c27 cm.
500   $aPoems.
988   $a20020608
906   $0OCLC

