LEADER 00785cas a2200265I  4500
001 005000158-2
005 20020606095253.2
008 791112d19uu1979enkmr p       0   a0eng  
010   $a   72625768 
022   $a0046-2748
035 0 $aocm05684821
040   $aDLC$cGZM$dGZM$dMUL$dOCL$dHLS
050 0 $aHC241.2$b.E8345
082   $a382/.9142/05
245 00$aEuropean community information.
260   $aLondon,$bFinancial Times.
300   $ano.$c30 cm.
362 0 $a-no. 92 -Sept. 1979.
550   $aNo. published in association with the European Commission.
610 20$aEuropean Economic Community$vPeriodicals.
710 2 $aFinancial Times, London.
710 2 $aCommission of the European Communities.
785 02$tCommunity markets
988   $a20020608
906   $0DLC

