LEADER 00925cas a2200265I  4500
001 005000159-0
005 20020606095253.2
008 791113u19689999enk x         0   a0eng d
035 0 $aocm05690874
040   $aGZM$cGZM$dMUL$dHLS
090   $aHX3$b.E9
245 00$aEuropean Marxist review.
260   $a[London,$bRevolutionary Workers' Party, Fourth International Pubns]
300   $c24 cm.
362 0 $a1- May 1968-
500   $a"Organ of the International Secretariat of the IV International (Posadist)"
515   $aCeased with no. 7.
550   $aEdited by the European Bureau of the International Secretariat of the IV International.
580   $aIssued also in Italian and French.
650  0$aCommunism$y1945-
650  0$aCommunist revisionism.
651  0$aCommunist countries$xPolitics and government.
710 2 $aFourth International.$bInternational Secretariat.
988   $a20020608
906   $0OCLC

