LEADER 00674nam a2200217Ii 4500
001 005000160-4
005 20020606095253.2
008 790409s1856    nyua     f    000 0 eng d
035 0 $aocm04838323
040   $aVZZ$cVZZ$dHLS
050  4$aTR550$b.R6
090   $aTR550$b.R6
100 1 $aThornthwaite, W. H.$q(William Henry)
245 12$aA guide to photography /$cby W. H. Thornthwaite.
250   $a10th ed. /$billustrated with numerous wood cuts.
260   $aNew York :$bS. D. Humphrey,$c1856.
300   $a87 p. :$bill., diagrs. ;$c18 cm.
650  0$aPhotography$xHandbooks, manuals, etc.
655  7$aHandbooks, manuals, etc.$2fast
988   $a20020608
906   $0OCLC

