LEADER 01076cam a2200229I  4500
001 005000161-2
005 20020606095253.2
008 791129s1848    fr            000 0 fre  
010   $a   11015833 //r
035 0 $aocm05740551
040   $aDLC$cSUC$dHHG
050   $aB2225$b1848
100 1 $aComte, Auguste,$d1798-1857.
245 00$aDiscours sur l'ensemble du positivisme;$bou, Exposition sommaire de la doctrine philosophique et sociale propre à grande république occidentale, composeé des cinq populations avanceé, française, italienne, germanique, britannique, et espagnole, toujours solidaires depuis Charlemagne.$cPar Auguste Comte.
260   $aParis,$bL. Mathias [etc.]$c1848.
300   $a1 p. ℓ., [v]-xiv, 399, [1] p.$c22 cm.
500   $aAt head of title: République occidentale. Ordre et progrés.
500   $aPrinter's imprint on p. [ii]: Paris.--Imprimé par E. Thunot et cie, successeurs de Fain et Thunot, 28, rue Racine, près de l'Odéon.
500   $a"Table des matières": p. [400].
650  0$aPositivism.
988   $a20020608
906   $0DLC

