LEADER 00900cam a2200277   4500
001 005000162-0
005 20131108185438.0
008 791203s1963    dcuab         000 0 eng a
010   $aagr63000334 
035 0 $aocm05752521
035 0 $aocm05752521$zocm16815066
040   $aDLC$cIXA$dRQF$dHBS
043   $as-ag---
050 0 $a[S21$b.Z2383 no. 149]
072   $aL100$aQ002$aE700
100 1 $aBishop, Dwight R.,$d1914-
245 10$aArgentina's livestock and meat industry.
260   $a[Washington]$bU.S. Dept. of Agriculture, Foreign Agricultural Service,$c1963.
300   $a22 p.$billus., maps.$c27 cm.
490 1 $aUnited States. Foreign Agricultural Service. FAS-M ;$v-149
650  0$aLivestock$zArgentina.
650  0$aMeat industry and trade$zArgentina.
710 1 $aUnited States.$bForeign Agricultural Service.
830  0$aFAS M ;$v149.
988   $a20020608
906   $0DLC

