LEADER 00690nam a2200229 i 4500
001 005000163-9
005 20080627213700.0
008 791203s1952    onc           000 0 eng u
010   $aa  53002838 
015   $aGB52-7817
035 0 $aocm05753353
035 0 $aocm05753353$zocm00234170$zocm04282795$zocm05952711$zocm13648537
040   $cUUO$dUKM$dHBS
043   $an-cn-on
082 04$a338.173110971$218
100 1 $aMacGibbon, Duncan Alexander,$d1882-
245 14$aThe Canadian grain trade, 1931-1951 /$cby D.A. MacGibbon.
260   $aToronto :$bUniversity of Toronto Press,$c1952.
300   $aix, 227 p. ;$c23 cm.
650  0$aGrain trade$zCanada.
988   $a20020608
906   $0MH

