LEADER 00839nam a2200241I  4500
001 005000164-7
005 20100930090346.0
008 791206s1948    fr c          000 0 fre  
010   $a   49021532 
035 0 $aocm05765979
040   $aDLC$cUIU$dHVL
043   $ae-fr---
100 1 $aBenoist-Méchin,$d1901-1983.
245 13$aLe procès Benoist-Méchin (29 mai-6 juin 1947)$bCompte rendu sténographique, avec un avant-propos et une lettre de l'inculpé à son défenseur.
260   $aParis,$bA. Michel,$c[1948]
300   $a610 p.$bfront.$c21 cm.
500   $aTrial before the Haute Cour de justice at Versailles.
500   $aPrepared for publication by Jean Louis Aujol.
650  0$aTrials$zFrance.
700 1 $aAujol, Jean Louis,$d1902- ,$eed.
710 1 $aFrance.$bHaute Cour de justice.
988   $a20020608
906   $0DLC

