LEADER 00500nam a2200193K  4500
001 005000165-5
005 20101004113030.0
008 791207s1926    fr            000 1 fre d
035 0 $aocm05771634
040   $aMAN$cMAN$dHVL
090   $aPQ2603.O67$bC8 1926
100 1 $aBouchardon, Pierre,$d1870-
245 10$aCrimes d'autrefois.
260   $aParis,$bPerrin,$c1926.
300   $a267 p.$c20 cm.
490 0 $aDrames judiciaires d'autrefois
650  0$aTrials$zFrance.
988   $a20020608
906   $0OCLC

