LEADER 00980nam a2200265I  4500
001 005000166-3
005 20150422125949.0
008 791207s1971    gw a     b    000 0 ger  
010   $a   76599638 
015   $aGDB 71-A24-575
035 0 $aocm05774012
040   $aDLC$cCOO$dHFL
043   $ae-ne---
050 0 $aN2255.R5$bA5 Nr. 33
100 1 $aHeide, G. D. van der$q(Gerrit Daniel),$d1915-
245 10$aArchäologie auf dem Meeresboden.$bArchäolog. Untersuchungen im Gebiet d. Zuidersee.
260   $aDüsseldorf,$bRheindland- Verl.,$c1971.
300   $a32 p.$bwith illus.$c21 cm.
440  0$aKunst und Altertum am Rhein ;$vNr. 33
504   $aBibliography: p. 31.
650  0$aUnderwater archaeology.
651  0$aIJssel Lake Polders (Netherlands)$xAntiquities.
776 08$iOnline version:$aHeide, G.D. van der (Gerrit Daniel), 1915-$tArchäologie auf dem Meeresboden.$dDüsseldorf, Rheindland- Verl., 1971$w(OCoLC)563599165
988   $a20020608
906   $0DLC

