LEADER 00746nam a2200217Ii 4500
001 005000167-1
005 20020606095253.2
008 791211s1922    gw a          000 0bger d
035 0 $aocm05783187
040   $aKEU$cKEU$dHFL
043   $ae-gx---
050  4$aNB588.H6$bH410
100 1 $aHeilmeyer, Alexander,$d1872-
245 10$aAdolph von Hildebrand /$cherausgegeben von Alexander Heilmeyer.
260   $aMünchen :$bLangen,$c1922.
300   $a52 p., 116 leaves of plates :$bill. ;$c29 cm.
500   $a"Rede, gehalten von Günther Jachmann bei der Gedachtnisfeier im Münchener Kunstlerhaus am 26.Februar 1921", pp. [5]-19.
650  0$aSculptors$zGermany.
700 1 $aHildebrand, Adolf von,$d1847-1921.
988   $a20020608
906   $0OCLC

