LEADER 00740nam a2200205Ii 4500
001 005000168-X
005 20020606095253.2
008 791212s1915    gw a          000 0 ger d
035 0 $aocm05785288
040   $aCLU$cCLU$dHLS
090   $aTR16.6$b.G466e
100 1 $aGlatzel, Bruno,$d-1914.
245 10$aElektrische Methoden der Momentphotographie /$cvon Bruno Glatzel. Mit dem Bild des Verfassers und 51 Abbildungen.
260   $aBraunschweig :$bF. Vieweg,$c1915.
300   $avi, 103 p.,[1] leaf of plates :$bill., port. ;$c23 cm.
490 0 $aSammlung Vieweg : Tagesfragen aus den Gebieten der Naturwissenschaften und der Technik ;$vHeft 21
650  0$aOptics.
650  0$aPhotography, Instantaneous.
988   $a20020608
906   $0OCLC

