LEADER 00680nam a2200241I  4500
001 005000169-8
005 20020606095253.2
008 791213s1971    sp       b    000 0 spa  
010   $a   72317679 
015   $aSp***
035 0 $aocm05793408
040   $aDLC$cSOI$dHLS
050 0 $aHM101$b.G47
100 1 $aGiner, Salvador.
245 13$aLa sociedad masa:$bideología y conflicto social.
260   $a[Madrid]$bSeminarios y Ediciones$c[1971]
300   $a151 p.$c18 cm.
490 0 $aColección "Hora H," ensayos y documentos,$v12
504   $aIncludes bibliographical references.
650  0$aMass society.
650  0$aSocial conflict.
988   $a20020608
906   $0DLC

