LEADER 01028cam a2200289 i 4500
001 005000170-1
005 20020606095253.2
008 791116r1946    maua          000 0 eng  
010   $a   79319197 //r84
035 0 $aocm05800710
040   $aDLC$cDLC$dHMZ
050 0 $aQL401$b.H3 vol. 1, no. 7$aQL430.5.C75
082   $a594 s$a593/.32
100 1 $aClench, William James,$d1897-1984.
245 14$aThe poison cone shell [by William J. Clench and Yoshio Kondo].
260   $aCambridge, Mass. :$bDept. of Mollusks, Museum of Comparative Zoology, Harvard University,$c1946.
300   $ap. 49-80 :$bill. ;$c24 cm.
490 1 $aOccasional papers on mollusks ;$vv. 1, no. 7
500   $aCaption title.
500   $aReprinted from The American journal of tropical medicine, v. 23, no. 1.
650  0$aConus.
650  0$aPoisonous shellfish.
700 1 $aKondo, Yoshio,$ejoint author.
700 1 $aKondo, Yoshio,$eauthor.
830  0$aOccasional papers on mollusks ;$vv. 1, no. 7.
988   $a20020608
906   $0DLC

