LEADER 00713nam a2200205   4500
001 005000171-X
005 00000000000000.0
008 791217s1956    cau           000 0 eng  
010   $a   57001305 //l
035 0 $aocm05805706
040   $aDLC$cIQU$dHBS
050 0 $aHD4932.N6$bG7
100 1 $aGray, Robert D.$q(Robert Davis),$d1909-
245 10$aAppraising and integrating employee benefits.
260   $aPasadena,$bIndustrial Relations Section, California Institute of Technology,$c1956.
300   $a24 p.$c22 cm.
490 0 $aCalifornia Institute of Technology, Pasadena. Benefits and Insurance Research Center. BIRC publication$vno. 3
650  0$aEmployee fringe benefits.
988   $a20020608
906   $0DLC

