LEADER 00658nam a2200193 a 4500
001 005000172-8
005 19971009102951.9
008 791219s1911    nyua          000 0 eng d
010   $a   11002089 
035 0 $aocm05812270
040   $aDLC$cCLE$dHBS$dHMM
050   $aSF65$b.S4
100 1 $aShamel, Clarence Albert.
245 10$aProfitable stock raising :$ba careful discussion of the problems involved in the development of profitable live stock and the maintenance of soil fertility /$cby Clarence Albert Shamel.
260   $aNew York :$bOrange Judd,$c1911.
300   $aix, 274 p. :$bill. ;$c19 cm.
650  0$aLivestock.
988   $a20020608
906   $0DLC

