LEADER 00580nam a2200193Ii 4500
001 005000173-6
005 20060523163818.0
008 791219s1930    gw            000 0 ger d
035 0 $aocm05813488
040   $aIRU$cIRU$dHFL
100 1 $aHeilborn, Adolf,$d1873-1941.
245 00$aHeinrich Zille /$cvon Adolf Heilborn.
260   $aBerlin-Zehlendorf :$bRembrandt Verlag,$c[1930]
300   $a78 p. :$bill., port. ;$c26 cm.
490 0 $aZeichner des Volkes ;$v2
600 10$aZille, Heinrich,$d1858-1929.
650  0$aGerman wit and humor, Pictorial.
988   $a20020608
906   $0OCLC

