LEADER 00966nam a2200241I  4500
001 005000174-4
005 20020606095253.2
008 791220s1963    fr            000 0 fre  
010   $a   65086918 
035 0 $aocm05814563
040   $aDLC$cBUF$dHVL
050 00$aKJV130.B37$bP76 1963
090   $aDC407.B28$bP76
245 03$aLe Procès de l'attentat du Petit-Clamart;$bcompte rendu sténographique.
260   $aParis,$bA. Michel$c[1963]
300   $a2 v. (1018 p.)$c20 cm.
440  4$aLes Grands procès contemporains
500   $aTrial before the Cour militaire de justice, Jan. 28-Mar. 4, 1963, of Col Bastien-Thiry and 14 others, for the attempted assassination of President de Gaulle on Aug. 22, 1962.
600 20$aBastien-Thiry, Jean-Marie,$d1927-1963.
710 1 $aFrance.$bCour militaire de justice.
776 08$iOnline version:$tProcès de l'attentat du Petit-Clamart.$dParis, A. Michel [1963]$w(OCoLC)654261273
988   $a20020608
906   $0DLC

