LEADER 01269nam a2200337I  4500
001 005000175-2
005 20130726104835.0
008 791221m19479999enk           000 0 lat  
010   $a   48015896 //r55
035 0 $aocm05819305
040   $aDLC$cVIC$dHLS
041 0 $alateng
043   $ae-uk-en
050   $aDA670.S49$bS5 vol. 59, etc.
082   $a942.38
110 2 $aGlastonbury Abbey.
245 14$aThe great chartulary of Glastonbury,$cedited by Aelred Watkin.
260   $aFrome,$bPrinted for subscribers only by Butler & Tanner,$c1947-
300   $av.$c23 cm.
490 1 $aSomerset Record Society;$vv. 59, 63, 64
500   $aThe original Latin text (with some omissions) of the 14th century folio ms. in the library of the Marquess of Bath at Longleat.
610 20$aGlastonbury Abbey.
651  0$aGlastonbury (England)$xHistory$xSources.
655  7$aHistory.$2fast
655  7$aSources.$2fast
700 1 $aWatkin, Aelred,$eed.
700 1 $aWatkin, Aelred,$eeditor.
776 08$iOnline version:$aGlastonbury Abbey.$tGreat chartulary of Glastonbury.$dFrome, Printed for subscribers only by Butler & Tanner, 1947-$w(OCoLC)654875626
830  0$aSomerset Record Society (Series) ;$vv. 59, 63, 64
988   $a20020608
906   $0DLC

