LEADER 00929nam a2200241I  4500
001 005000176-0
005 20020606095253.2
008 791231s1963    fr abce       000 0 fre  
010   $a   65085494 
035 0 $aocm05835505
040   $aDLC$cBUF$dHVL
043   $ae-fr---
050  4$aDC407.B28$bJ23
090   $aDC407.B28$bJ23
100 1 $aJaffré, Yves Frédéric,$eed.
245 13$aLe procès du Petit Clamart;$bexposé des faits, débats, dépositins, réquisitoire, plaidoiries.
260   $aParis,$bNouvelles Éditions latines$c[1963]
300   $a641 p.$billus., map. plan, ports.$c23 cm.
500   $aTrial before the cour militaire de justice, Jan. 28-Mar.4. 1963, of Col. Bastien-Thirty and 14 others, for the attempted assassination of President de Ganile on Aug. 22, 1962.
600 20$aBastien-Thiry, Jean-Marie,$d1927-1963.
710 1 $aFrance.$bCour militaire de justice.
988   $a20020608
906   $0DLC

