LEADER 00849nam a2200229 a 4500
001 005000177-9
005 00000000000000.0
008 800109s1927    enk      b    000 0 eng d
035 0 $aocn222098360
035 0 $aocn229877431
100 1 $aGreen, F. E.$q(Frederick Ernest),$d1867-1922.
245 12$aA history of the English agricultural labourer, 1870-1920 /$cby F.E. Green.
250   $aCheap ed.
260   $aLondon :$bP.S. King & Son,$c1927.
300   $ax, 356 p. ;$c22 cm.
500   $aBibliography: p. 332-334.
650  0$aAgricultural laborers$zEngland$xHistory.
650  0$aAgriculture$zEngland.
830  0$aHarvard social history/business preservation microfilm project.$nProject 3 ;$v30465.$5mmf
830  0$aHarvard social history/business preservation microfilm project.$nProject 3 ;$v30465.$5mmf
988   $a20020608
906   $0MH

