LEADER 01095nam a2200241 i 4500
001 005000178-7
005 00000000000000.0
008 800109s1892    cau          s100 0 eng d
035 0 $aocm05858344
035 0 $aocm05858344$zocm21752254
040   $aVXG$cVXG$dCUY$dHBS
043   $an-us-ca
050  4$aF862.2$b.C1525
111 2 $aCalifornia State Olive Growers' Convention$n(2nd :$d1892 :$cSan Francisco, Calif.)
245 10$aCalifornia olive industry :$bproceedings of the second State Olive Growers' Convention, held under the auspices of the State Board of Horticulture, at San Francisco, July 21, 1892.
260   $aSacramento :$bA.J. Johnston, State printing,$c1892.
300   $a59 p. ;$c24 cm.
650  0$aOlive industry and trade$zCalifornia$vCongresses.
655  7$aConference proceedings.$2fast
710 1 $aCalifornia.$bState Board of Horticulture.
776 08$iOnline version:$aOlive Growers' Convention (2nd : San Francisco, Calif.).$tCalifornia olive industry.$dSacramento : A.J. Johnston, Supt. State printing, 1892$w(OCoLC)763153451
988   $a20020608
906   $0OCLC

