LEADER 00855cam a2200265I  4500
001 005000179-5
005 20020606095253.2
008 800110s1753    sz            000 0 ger d
035 0 $aocm05860146
040   $aJHE$cJHE$dOCL$dHHG
041 1 $agergrc
050  4$aPA3948.C7$bH4 1753
090   $aPA3948.C7$bH4 1753
100 0 $aColluthus,$cof Lycopolis.
240 10$aRape of Helen.$lGerman
245 14$aDie geraubte Helena$cvon Coluthus.
246 30$aGeraubte Helena
260   $aZyrich,$bC. Orel,$c1753.
300   $a[8], 16 p.$c20.9 cm.
500   $aTranslated by Johann Jakob Bodmer.
500   $aWoodcut title vignette; head and tail pieces.
510 4 $aGoedeke, K. Grundriss zur Geschichte der deutschen Dichtung aus den Quellen (3rd ed.),$cIV/1, p. 12
700 1 $aBodmer, Johann Jakob,$d1698-1783.
988   $a20020608
906   $0OCLC

