LEADER 00937nam a2200241   4500
001 005000180-9
005 00000000000000.0
008 800116s1969    sw            000 0 eng d
035 0 $aocm05876041
040   $aPMC$cPMC$dHBS
110 2 $aInternational Labour Office.
245 10$aTechnical meeting on productive employment in construction in Asia,$cBangkok, 28 September to 8 November 1968.
246 3 $aProductive employment in construction in Asia
260   $aGeneva,$c1969.
300   $a178 p.$c30 cm.
490 1 $aIts management development series:$vno. 8
500   $a"Sponsored by the International Labour Office in association with the Committee for the Coordination of Investigations of the Lower Mekong Basin."
650  0$aConstruction workers$zAsia.
650  0$aManpower policy$zAsia.
710 2 $aInternational Labour Office.
830  0$aManagement development series ;$vno. 8.
988   $a20020608
906   $0OCLC

