LEADER 00801cam a2200253 i 4500
001 005000181-7
005 20020606095253.2
008 800515s1979    fr       b    000 0 fre  
010   $a   80476269 //r88
015   $aF***
020   $a2275011714 :$c145F
035 0 $aocm05876070
040   $aDLC$cDLC$dHVL
043   $ae-fr---
082   $a347.44/016
100 1 $aMagnan, Jean Louis.
245 13$aLe notariat et le monde moderne /$cpar Jean-Louis Magnan ; préf. de Jean Derruppe ; avant-propos de Pierre Delommez.
260   $aParis :$bLibrairie générale de droit et de jurisprudence,$c1979.
300   $a356, xii p. ;$c25 cm.
440  0$aBibliothèque de droit privé ;$vt. 161
504   $aBibliography: p. [319]-327.
650  0$aNotaries$zFrance.
988   $a20020608
906   $0DLC

