LEADER 00728nam a2200205I  4500
001 005000182-5
005 20020606095253.2
008 800122s1891    fr a          000 0 fre c
010   $ae  16000948 
035 0 $aocm05900615
040   $aU.S. Off. of edu. Library$cEWF$dHLS
050   $aLA789$b.G44
100 1 $aGirard, Paul,$d1852-1922.
245 12$aL'éducation athénienne au Ve et au IVe siècle avant J.-C. :$bouvrage couronné par l'Académie des inscriptions et belles-lettres et par l'Académie française. Avec 30 figures dans le texte.
250   $a2. éd.
260   $aParis,$bHachette et cie,$c1891.
300   $aviii, 344 p.$billus.$c25 cm.
650  0$aEducation$zGreece$zAthens.
988   $a20020608
906   $0OCLC

