LEADER 00818nam a2200205 a 4500
001 005000183-3
005 20030512140326.0
008 030512s1994    fr ac    bc   001 0 fre d
040   $aOClMA$cOClMA
100 1 $aMonet, Claude,$d1840-1926.
245 10$aRouen, les Cathédrales de Monet :$bRouen, Musée des beaux-arts, 23 juin 1994-14 novembre 1994.
260   $a[Rouen] :$bVille de Rouen ;$a[Paris] :$bRéunion des musées nationaux,$c[1994]
300   $a105 p. :$bill. (some col.), port. ;$c32 cm.
504   $aIncludes bibliographical references.
600 10$aMonet, Claude,$d1840-1926$vExhibitions.
600 10$aMonet, Claude,$d1840-1926.$tRouen Cathedral (Series of paintings)$vExhibitions.
710 1 $aRouen (France).$bMusée de beaux-arts.
740 0 $aCathédrales de Monet.
988   $a20030512
906   $0OCLC

