LEADER 00801nas a2200253I  4500
001 005000184-1
005 20020606095253.2
008 800130d18201821enkuu         0   a0eng d
035 0 $aocm05925100
040   $aIXA$cIXA$dHLS
090   $aPR1366$b.E7
245 04$aThe Etonian.
260   $aLondon;$bWindsor, Knight and Dredge.
300   $a2 v.$c22 cm.
362 0 $aOct. 1820-Aug. 1821.
500   $aTen numbers, edited by Walter Blunt and Winthrop Mackworth Praed. Cf. list of contributors, v. 2, p. 444.
610 20$aEton College$vPeriodicals.
700 1 $aPraed, Winthrop Mackworth,$d1802-1839.
700 1 $aBlunt, Walter,$d1802-1868.
710 2 $aEton College.
775 0 $tEtonian$b3d ed.$w(OCoLC)5000402
775 0 $tEtonian$b2d ed.$w(OCoLC)5073166
988   $a20020608
906   $0OCLC

