LEADER 00867cam a2200277I  4500
001 005000185-X
005 20020606095253.2
008 800202s1967    it       b    001 0 ita  
010   $a   70376086 
015   $aIt68-May
035 0 $aocm05938709
035 0 $aocm05938709$zocm06746261
040   $aDLC$cBNG$dOCL$dHLS
050   $aBX1548.P3$bG3
100 1 $aGambasin, Angelo.
245 13$aIl clero padovano e la dominazione austriaca. 1859-1866.
260   $aRoma,$bEdizioni di storia e letteratura,$c1967.
300   $a430 p.$c24 cm.
490 1 $aPolitica e storia ;$v16
504   $aBibliographical footnotes.
610 20$aCatholic Church$zItaly$zPadua.
650  0$aClergy$zItaly$zPadua.
651  0$aPadua (Italy)$xPolitics and government.
830  0$aPolitica e storia (Edizioni di storia e letteratura) ;$v16.
988   $a20020608
906   $0DLC

