LEADER 01000nam a2200265Ii 4500
001 005000186-8
005 20090712194624.0
008 800202s1901    sw ab    b    000 0 fre d
035 0 $aocm05939144
040   $aCUS$cCUS$dHMZ
090   $aGC11$b.C54
100 1 $aCleve, P. T.$q(Per Teodor),$d1840-1905.
245 14$aLes variations annuelles de l'eau de surface de l'océan atlantique /$cpar P. T. Cleve, G. Ekman, O. Pettersson.
260   $aGöteborg :$bBonniers Tryckeri Aktiebolag,$c1901.
300   $aii, [11] p., [2] fold. col. leaves of maps :$bill. ;$c47 cm.
500   $aIssued with Über die Darstellung des hydrographischen Beobachtungsmateriales durch Schnitte ..., von V. Bjerknes und J. W. Sandström.
500   $aIncludes errata.
504   $aBibliography: p. [11]
650  0$aOceanography.
650  0$aMarine biology.
651  0$aAtlantic Ocean.
700 1 $aEkman, Fredrik Gustaf,$d1852-
700 1 $aPettersson, Sven Otto,$d1848-
988   $a20020608
906   $0OCLC

