LEADER 00784cam a2200217 i 4500
001 005000187-6
005 20020606095253.2
008 790806s1939    xx af        s000 0 eng  
010   $a   79310777 //r90
035 0 $aocm05945672
040   $aDLC$cDLC$dHBS
043   $au-at-qn
050 00$aHD9908.A83$bQ436
110 1 $aQueensland.$bWool Advisory Commission.
245 00$aReport of the Wool Advisory Commission appointed to inquire into the economic condition of the wool industry in Queensland.
246 3 $aReport of the Wool Advisory Commission ...
260   $a[s.l. :$bs.n.],$c1939$e(Brisbane :$fT. G. Hope, Acting govt. printer)
300   $a117 p., [17] leaves of plates :$bill. ;$c36 cm.
650  0$aWool industry$zAustralia$zQueensland.
988   $a20020608
906   $0DLC

