LEADER 00741cam a2200217I  4500
001 005000188-4
005 20050107155303.0
008 800206s1873    fr a          000 0 fre d
035 0 $aocm05958723
040   $aCOO$cCOO$dOCL$dHLS
050  4$aQK50$b.G5
090   $aQK50$b.G5
100 1 $aGirard, Jules,$d1825-1902.
245 14$aLes plantes étudiées au microscope.$cPar Jules Girard. Ouvrage illustré 208 gravures sur bois d'après les photographies de l'auteur.
260   $aParis,$bHachette et Cie,$c1873.
300   $a302 p.$billus.$c19 cm.
490 1 $aBibliothèque des merveilles publiée sous la direction de M. Édouard Charton
650  0$aBotany.
830  0$aBibliothèque des merveilles.
988   $a20020608
906   $0OCLC

