LEADER 00988cam a2200265I  4500
001 005000189-2
005 20020606095253.2
008 800208s1927    mdua     b    001 0 eng  
010   $a   27024192 
035 0 $aocm05966840
040   $aDLC$cYHM$dHLS
043   $ae-fr---
050 0 $aPQ155.C7$bG6 1927a
050 0 $aPQ155.C7$bG6 1927
100 1 $aGoddard, Eunice Rathbone,$d1881-
245 10$aWomen's costume in French texts of the eleventh and twelfth centuries,$cby Eunice Rathbone Goddard.
260   $aBaltimore, Md.,$bThe Johns Hopkins Press;$aParis,$bLes Presses universitaires de France,$c1927.
300   $a263 p.$bVII pl.$c26 cm.
440  4$aThe Johns Hopkins studies in Romance literatures and languages;$vvol. 7
500   $aIntroduction and plates published also as thesis (Ph.D.) Johns Hopkins University, 1925.
504   $aBibliography: p. [239]-256.
650  0$aCostume$zFrance.
650  0$aFrench literature$yTo 1500.
988   $a20020608
906   $0DLC

