LEADER 01859cam a2200409I  4500
001 005000190-6
005 20020606095253.2
008 800209s1902    qucah         000 0cfre  
010   $a   04009835 //r
035 0 $aocm05969515
040   $aDLC$cALM$dSER$dOCL$dHLS
043   $an-usm--$an-cn-qu
050 0 $aF1030.3$b.G13
100 1 $aGagnon, Ernest,$d1834-1915.
245 00$aLouis Jolliet, découvreur du Mississippi et du pays des Illinois, premier seigneur de l'île d'Anticosti:$bétude biographique et historiographique.
260   $aQuébec,$c1902.
300   $axv, 284 p.$billus. (incl. facsim.)$c26 cm.
500   $aIncludes music.
500   $aPreface by Thomas Chapais.
500   $a"Cavelier de La Salle, découvreur de l'Ohio, mais non du Mississipi," by J. Tailhan: p. [225]-234.
504   $a"Anticosti et l'exploitation de M. Henry Menier," by Charles De Guise: p. [259]-266.
504   $a"Notes sur Louis-Olivier Gamache, le 'Sorcier' de l'isle d'Anticosti ... par l'abbé J.-B.-A. Ferland": p. [267]-279.
600 10$aJoliet, Louis,$d1645-1700.
600 10$aLa Salle, Robert Cavelier,$csieur de,$d1643-1687.
600 10$aMenier, Henri,$d1853-
600 10$aGamache, Louis Olivier,$d1784?-1854.
651  0$aMississippi River$xDiscovery and exploration.
651  0$aAnticosti Island (Québec)
700 1 $aChapais, Thomas,$d1858-
700 1 $aTailhan, Jules,$d1816-1891.
700 1 $aGuise, Charles de.
700 1 $aFerland, Jean-B.-A.$q(Jean-Baptiste-Antoine),$d1805-1865.
700 1 $aChapais, Thomas,$d1858-1946.
700 1 $aFerland, Jean Baptiste Antoine.
776 08$iOnline version:$aGagnon, Ernest, 1834-1915.$tLouis Jolliet, découvreur du Mississippi et du pays des Illinois, premier seigneur de l'île d'Anticosti.$dQuébec, 1902$w(OCoLC)903870490
988   $a20020608
906   $0DLC

