LEADER 01286cas a2200373 a 4500
001 005000191-4
005 20020606095253.2
008 800211u19359999po  xz        0   b0por  
010   $a   41021418 $zsn 85020995 
022   $a0870-3914
035 0 $aocm05969900
040   $aDLC$cAZU$dIUL$dAIP$dIUL$dAIP$dNSD$dDLC$dHLS
042   $alc$ansdp
043   $ae-po---
050 00$aDP501$b.E85
130 0 $aEthnos (Lisbon, Portugal)
210 0 $aEthnos$b(Lisb.)
222  0$aEthnos$b(Lisboa)
245 00$aEthnos :$brevista do Instituto Português de Arqueologia, História e Etnografia.
260   $aLisboa :$bO Instituto,$c1935-
300   $av. :$bill. ;$c26 cm.
310   $aIrregular
362 0 $aVol. 1-
510 2 $aAmerica, history and life$x0002-7065$b1965-
510 2 $aHistorical abstracts. Part A. Modern history abstracts$x0363-2717$b1965-
510 2 $aHistorical abstracts. Part B. Twentieth century abstracts$x0363-2725$b1965-
650  0$aArchaeology$vPeriodicals.
650  0$aEthnology$vPeriodicals.
650  0$aEthnology$zPortugal.
651  0$aPortugal$xHistory$vPeriodicals.
651  0$aPortugal$xAntiquities$vPeriodicals.
710 2 $aInstituto Português de Arqueologia, História e Etnografia.
988   $a20020608
906   $0DLC

