LEADER 01038cam a2200265   4500
001 005000192-2
005 00000000000000.0
008 800212s1867    ilu           000 0 eng d
035 0 $aocm05977465
040   $aBUF$cBUF$dOCL$dHBS
043   $an-us---
050  4$aHD8072$b.M35
090   $aHD8072$b.M35
110 2 $aMerchants, Farmers and Mechanics' Savings Bank, Chicago.
245 14$aThe labor question.$bExtracts, magazine articles, and observations relating to social science & political economy as bearing upon the subjects of labor, trade unions, cooperative societies, and model houses and cottages, in Europe, Great Britain and America.
260   $a[Chicago]$c1867.
300   $a144 p.
650  0$aLabor.
650  0$aLabor$zUnited States.
650  0$aWorking class.
650  0$aWorking class$zUnited States.
650  0$aLabor movement.
776 08$iOnline version:$aMerchants, Farmers and Mechanics' Savings Bank, Chicago.$tLabor question.$d[Chicago] 1867$w(OCoLC)656650456
988   $a20020608
906   $0OCLC

