LEADER 00887nam a2200277 i 4500
001 005000193-0
005 20020606095253.2
008 791212s1978    enka     bc   000 0 eng  
010   $a   79320952 
015   $aGB***
020   $c£2.40
035 0 $aocm05989619
040   $aDLC$cDLC$dHFL
043   $ae-fr---
050 0 $aN8640$b.H4 no. 30$aND547
082   $a708/.21/32 s$a759.4/074/02132
110 2 $aHeim Gallery.
245 10$aForgotten French art from the First to the Second Empire :$bautumn exhibition November 23-December 22, 1978.
260   $aLondon :$bHeim Gallery,$c[1978]
300   $a[84] p. :$bill. ;$c25 cm.
440  0$aHeim exhibition catalogues ;$vno. 30
504   $aIncludes bibliographical references.
650  0$aPainting, French$vExhibitions.
650  0$aPainting, Modern$y19th century$zFrance$vExhibitions.
988   $a20020608
906   $0DLC

