LEADER 01348cas a2200349 a 4500
001 005000194-9
005 20020606095253.2
008 750920d19511953bl ar        f0    0por  
010   $asn 87027288 
016 7 $aA27390000$2DNLM
022   $a0485-1854
035 0 $aocm01641242
040   $aDLC$cMUL$dCOO$dIUL$dRCS$dNYG$dOCL$dDLC$dHMS
041 0 $apor$beng
042   $amsc
050 00$aQR1$b.R53
130 0 $aAnais de microbiologia (Universidade do Brasil. Laboratorio de Microbiologia)
245 00$aAnais de microbiologia.
260   $aRio de Janeiro :$bLaboratorio de Microbiologia, Faculdade Nacional de Farmácia, Universidade do Brasil, Rio de Janeiro,$c-1953.
300   $a2 v. :$bill. ;$c23 cm.
310   $aAnnual
362 1 $aCeased publication in 1953.
500   $aDescription based on: Vol. 2, 1952-1953.
525   $aIncludes supplements.
546   $aSummaries in English.
580   $aContinued by: Anais de microbiologia (Universidade do Brasil. Instituto de Microbiologia).
650  0$aMicroorganisms$vPeriodicals.
650  0$aMicrobiology$vPeriodicals.
710 2 $aUniversidade do Brasil.$bLaboratorio de Microbiologia.
785 10$tAnais de microbiologia (Universidade do Brasil. Instituto de Microbiologia)$g1954/55-1965$w(DLC)sn 87027283$w(OCoLC) 5316473
988   $a20020608
906   $0DLC

