LEADER 00807cam a2200253I  4500
001 005000195-7
005 20020606095253.2
008 800219s1967    enka     c    000 0 eng  
010   $a   68030237 
015   $aB***
035 0 $aocm05998458
040   $aDLC$cCLU$dSER$dHFL
050 0 $aN8640$b.H4 no. 4
082   $a708.21
110 2 $aHeim Gallery.
245 10$aBaroque sketches, drawings & sculptures.$bAutumn exhibition, 7th November-24th December 1967.
260   $aLondon,$bHeim Gallery,$c1967.
300   $a26 p., [107] p. of illus.$c25 cm.
440  0$aHeim exhibition catalogues,$vno. 4
500   $aLabel mounted on t.p.: Supplied by Worldwide Books, New York.
504   $aIncludes bibliographical references.
650  0$aArt, Baroque$vExhibitions.
988   $a20020608
906   $0DLC

