LEADER 00613nam a22002055  4500
001 005000196-5
005 20090712194624.0
008 941123s1753    it af        |||||||ita|d
035 0 $aocn612677415
100 1 $aFabri, Ottavio.
245 12$aL'uso della squadra mobile ...
260   $aTrento,$c1753.
500   $aAdded engraved title-page, illustrations, and folding plates.
510 3 $aBrunet II, 1151.
510 3 $aRiccardi I, 434.
650  0$aSurveying$vEarly works to 1800.
650  0$aQuadrants (Astronomical instruments)$vEarly works to 1800.
752   $aItaly$dTrento.
988   $a20020608
906   $0MH

