LEADER 00924cas a2200289 a 4500
001 005000197-3
005 20050319202206.0
008 800221d19451946pe uu        f0    0spa  
010   $asn 87021332 $z   48012963 
035 0 $aocm06008424$zocm04341300
035 0 $aocm06008424
040   $aDLC$cIUL$dOCL$dDPN
042   $alcd
043   $as-pe---
082   $a913.85
245 00$aRevista de la Sección Arqueológica de la Universidad Nacional del Cuzco.
260   $aCuzco, Perú :$bLa Universidad,$c1945-
300   $av. :$bill. ;$c22 cm.
362 0 $aN. 1-
362 1 $aCeased with n. 3, published in 1946.
500   $aTitle from cover.
650  0$aArchaeology$vPeriodicals.
651  0$aPeru$xAntiquities$vPeriodicals.
651  0$aCuzco (Peru)$xAntiquities$vPeriodicals.
710 2 $aUniversidad Nacional de "San Antonio Abad" del Cusco.$bSección Arqueológica.
988   $a20020608
906   $0DLC

