LEADER 00862nam a2200265Ia 4500
001 005000198-1
005 20130301113840.0
008 800228s1833    xxu           000 0 eng d
035 0 $aocn864834536
035 0 $aocm06031942
040   $aPSH$cPSH$dHLS$dHMM
043   $an-us-ct
090   $aE448$b.F7
245 00$aFruits of colonizationism!
260   $a[United States :$bs.n.,$c1833]
300   $a12 p. ;$c22 cm.
500   $aCaption title.
500   $aContains an account of the persecution of Prudence Crandall, at Canterbury, Connecticut.
600 10$aCrandall, Prudence,$d1803-1890.
650  0$aColonization.
651  0$aCanterbury (Conn.)$xHistory.
710 2 $aAmerican Colonization Society.
830  0$aHarvard College Library preservation digitization program.$pSelections from Widener Library.$5net
988   $a20020608
906   $0OCLC

