LEADER 01134nam a2200229   4500
001 005000199-X
005 00000000000000.0
008 800228s1947    enka          000 0 eng  
010   $a   48000626 
035 0 $aocm06033677
040   $aDLC$cCOF$dCOF$dHBS
050   $aSF487$b.G65 1947
082   $a636.508
110 1 $aGreat Britain.$bPoultry Mission to Study the Development of the Poultry Industry in Canada and the United States of America.
245 10$aDevelopment of the poultry industry in North America,$ba report submitted to the Minister of Agriculture and the Secretary of State for Scotland by the members of the Poultry Mission following their investigation in the United States of America and Canada during October, November and December, 1946.
260   $aLondon,$bH. M. Stationery Off.,$c1947.
300   $a60 p.$billus.$c24 cm.
490 1 $aGreat Britain. Ministry of Agriculture and Fisheries. Agriculture overseas. Report$vno. 6
650  0$aPoultry$zUnited States.
810 1 $aGreat Britain.$bMinistry of Agriculture and Fisheries.$tAgriculture overseas. Report ;$vno. 6.
988   $a20020608
906   $0DLC

