LEADER 00772cam a2200193Ii 4500
001 005000200-7
005 20020606095253.2
008 800308s1680    enk           000 0 eng d
035 0 $aocm06062525
040   $aLUU$cLUU$dHHG
050  4$aDA448$b.P75
090   $aDA448$b.P75
100 1 $aComyne, Eustace.
245 14$aThe information of Eustace Comyne :$bservant to Mr. Keadagh Magher, treasurer to the Papists in Ireland, of their mony to carry on this horrid plot, who was barbarously murthered for discovering the same, and turning Protestant /$cGiven in writing to the Honorable House of Commons, the 15th of this present November, 1680.
260   $aLondon :$bT. Fox,$c1680.
300   $a7 p. ;$c29 cm.
650  0$aPopish Plot, 1678.
988   $a20020608
906   $0OCLC

