LEADER 00847nam a2200277 i 4500
001 005000201-5
005 20020606095253.2
008 800213s1979    fr            000 0 fre  
010   $a   80451767 
015   $aF***
020   $c44.85F
035 0 $aocm06091577
040   $aDLC$cDLC$dHVL
043   $ae-fr---
050 0 $aHQ72.F8$bA84
082   $a364.1/53/0944
245 00$aAspects de la violence dans les relations sexuelles :$bétude pluridisciplinaire /$csous l'égide de l'Association normande de criminologie.
260   $aParis :$bJ. Vrin,$c1979.
300   $a137 p. ;$c19 cm.
440  0$aBibliothèque criminologique
650  0$aParaphilias$zFrance.
650  0$aSex crimes$zFrance.
650  0$aOffenses against the person$zFrance.
710 2 $aAssociation normande de criminologie.
988   $a20020608
906   $0DLC

