LEADER 00803nam a2200217I  4500
001 005000202-3
005 20020606095253.2
008 800317q19201929it f          000 0 ita d
035 0 $aocm06095631
040   $aNHM$cNHM$dHFL
100 1 $aFerrari, Giulio,$d1858-
245 13$aIl ferro nell'arte italiana ;$bcentosettanta tavole riproduzioni in parte inedite di 368 soggetti del medio evo, del rinascimento, del periodo barocco e neo-classisco, raccolte e ordinate /$ccon testo esplicativo da Giulio Ferrari.
250   $a3. ed. aumentata.
260   $aMilano :$bU. Hoepli,$c[192-]
300   $a197 p. :$billus. ;$c32 cm.
490 0 $aCollezione artistica Hoepli
650  0$aIronwork.
650  0$aDecoration and ornament$zItaly.
650  0$aArchitecture$xDetails.
988   $a20020608
906   $0OCLC

