LEADER 00621cam a2200181   4500
001 005000203-1
005 00000000000000.0
008 800318s1855    maua          000 1 eng d
035 0 $aocm06100974
040   $aVA@$cVA@$dXBM$dHBS
100 1 $aBurnham, Geo. P.$q(George Pickering),$d1814-1902.
245 14$aThe history of the hen fever.$bA humorous record.$cIn one volume--Illustrated.
260   $aBoston,$bJames French and Company;$aNew York,$bJ.C. Derby;$aPhiladelphia,$bT. B. Peterson,$c[1855]
300   $a326 p.$bfront., illus.$c20 cm.
500   $aWright II, 428.
650  0$aPoultry.
988   $a20020608
906   $0OCLC

