LEADER 00849nam a2200241 i 4500
001 005000204-X
005 00000000000000.0
008 800318s1963    nyua     b    100 0 eng d
035 0 $aocm06101931
040   $aCOF$cCOF$dHBS
043   $an-us---
050  4$aS561$b.A4 1965
111 2 $aAgricultural Symposium$d(1965 :$cEndicott, N.Y.)
245 10$aAgricultural symposium :$b[proceedings], Endicott, N.Y., May 10-13, 1965.
260   $a[White Plains, N.Y. :$bInternational Business Machines Corp.,$c1965?]
300   $a653 p. :$bill. ;$c28 cm.
504   $aIncludes bibliographical references.
650  0$aFarm management$zUnited States$vCongresses.
650  0$aAgriculture$zUnited States$vCongresses.
655  7$aConference proceedings.$2fast
710 2 $aInternational Business Machines Corporation.
988   $a20020608
906   $0OCLC

