LEADER 00784nam a2200229 a 4500
001 005000205-8
005 00000000000000.0
008 800319s1918    nyu           000 0 eng d
010   $a   18003465 
035 0 $aocm06105408
040   $aDLC$cSUC$dSUC$dHBS$dHMM
050   $aS561$b.D45
100 1 $aDimock, Julian A.$q(Julian Anthony),$d1873-1945.
245 14$aThe new business of farming /$cby Julian A. Dimock.
260   $aNew York :$bF.A. Stokes Co.,$cc1918.
300   $a120 p. ;$c20 cm.
650  0$aAgriculture.
650  0$aFarms.
830  0$aHarvard social history/business preservation microfilm project.$nProject 3 ;$v30097.$5mmf
830  0$aHarvard social history/business preservation microfilm project.$nProject 3 ;$v30097.$5mmf
988   $a20020608
906   $0DLC

