LEADER 00601nam a2200217I  4500
001 005000206-6
005 20020606095253.2
008 800319s1960    bu            000 0 bulru
010   $a   64041454 
035 0 $aocm06106716
040   $cIXA$dIXA$dHLS
050 0 $aPN2824$b.G6
100 1 $aGochey, Gocho,$d1913-
245 10$aTeatur i drama.
260   $aSofii︠a︡,$bBulgarski pisatel,$c1960.
300   $a332 p.$c21 cm.
500   $aTitle romanized; t.p. and text in Bulgarian.
650  0$aTheater$zBulgaria.
650  0$aBulgarian drama$xHistory and criticism.
988   $a20020608
906   $0MH

