LEADER 00742cam a2200205Ii 4500
001 005000207-4
005 20050319123439.0
008 800320m18871895gw f          000 0 ger d
035 0 $aocm06109172
040   $aMNJ$cMNJ$dOCL$dHFL
043   $ae-gw---
110 2 $aUniversitätsbibliothek Heidelberg.
245 14$aDie Miniaturen der Universitäts-Bibliothek zu Heidelberg /$cbeschreiben von A. von Oechelhaeuser.
260   $aHeidelberg :$bGustav Koester,$c1887-1895.
300   $a2 v. :$b34 plates (some col.) ;$c33 cm.
650  0$aIllumination of books and manuscripts$zGermany$zHeidelberg.
650  0$aIllumination of books and manuscripts$vSpecimens.
700 1 $aOechelhäuser, Adolf von,$d1852-1923.
988   $a20020608
906   $0OCLC

