LEADER 00797cam a2200253 a 4500
001 005000208-2
005 00000000000000.0
008 800325s1940    nyua     b    001 0 eng  
010   $a   40009632 
035 0 $aocm06124324
040   $aDLC$cVIC$dVIC$dMHS$dHBS
043   $an-us---
050 0 $aHD9135$b.G67 1940a
100 1 $aGottsegen, Jack Jacob,$d1907-
245 10$aTobacco :$ba study of its consumption in the United States /$cby Jack J. Gottsegen.
260   $aNew York :$bPitman Pub. Corp.,$cc1940.
300   $axxix, 279 p. :$bill. ;$c24 cm.
500   $aIssued also as thesis (Ph. D.)--Columbia University, 1940.
500   $aIncludes index.
504   $aBibliography: p. [263]-274.
650  0$aTobacco$zUnited States.
650  0$aSmoking.
988   $a20020608
906   $0DLC

