LEADER 00637cam a2200217I  4500
001 005000209-0
005 20020606095253.2
008 800327s1889    stkf          000 0 eng  
010   $a   14016396 /-7
035 0 $aocm06132674
040   $aDLC$cZXC$dHFL
050 0 $aGT2130$b.G7
100 1 $aGreig, T. Watson.
245 10$aSupplement to Old-fashioned shoes,$cby T. Watson Greig.
260   $aEdinburgh,$bD. Douglas,$c1889.
300   $a9 ℓ., 10 p.$bplates XII-XVII.$c29 x 45 cm.
650  0$aBoots$xHistory.
650  0$aShoes$xHistory.
700 1 $aGreig, T. Watson.$tLadies' old-fashioned shoes.
988   $a20020608
906   $0DLC

