LEADER 00981cam a22002891i 4500
001 005000210-4
005 20020606095253.2
008 790517s1974    it af         000 0bita  
010   $a   75555271 
015   $aIt75-Mar
020   $cL25000
035 0 $aocm06146046
035 0 $aocm06146046$zocm02006547
040   $aDLC$cDLC$dOCL$dHFL
050 0 $aND623.F33$bR33
100 1 $aFerrazzi, Ferruccio,$d1891-
245 00$aFerruccio Ferrazzi /$csaggi introduttivi di Carlo L. Ragghianti e Jacopo Recupero ; schede a cura di Ninetta Cerroni Ferrazzi.
260   $aRoma :$bOfficina edizioni,$c[1974]
300   $a124, [35] p., 140 leaves of plates :$bill. (some col.) ;$c26 cm.
490 0 $aArchivi dell'arte contemporanea : Monografie ;$v1
504   $aBibliography: p. 121-124.
600 10$aFerrazzi, Ferruccio,$d1891-
700 1 $aRagghianti, Carlo Ludovico.
700 1 $aRecupero, Jacopo.
700 2 $aCerroni Ferrazzi, Ninetta.
988   $a20020608
906   $0DLC

