LEADER 00766nam a2200229I  4500
001 005000211-2
005 20020606095253.2
008 800331s1940    gw af    b    000 0 ger  
010   $a   48033287 
035 0 $aocm06149507
040   $aDLC$cCOD$dHFL
050   $aND623.T5$bH4
100 1 $aHegemann, Hans Werner.
245 10$aGiovanni Battista Tiepolo.
260   $aBerlin,$bRembrandt-Verlag$c[c1940]
300   $a168 p.$billus., plates (part col.)$c26 cm.
440  4$aDie Kunst Italiens.$vBd. 2
504   $a"Literaturnachweis": p. 166.
600 10$aTiepolo, Giovanni Battista,$d1696-1770.
776 08$iOnline version:$aHegemann, Hans Werner.$tGiovanni Battista Tiepolo.$dBerlin, Rembrandt-Verlag [©1940]$w(OCoLC)609514649
988   $a20020608
906   $0DLC

