LEADER 00739nam a2200205   4500
001 005000212-0
005 00000000000000.0
008 800401s1957    bl a     b    000 0 eng d
035 0 $aocm06153786
040   $aCLE$cCLE$dHBS
100 1 $aTosta, Ignacio.
245 10$aCocoa economy in Brazil,$cby Ignacio Tosta Filho. Specially prepared for the second session, FAO Cocoa Study Group, Ibadan, Nigeria. [Edited by the Foreign Trade Department, Bank of Brazil]
246 3 $aBrazil's cocoa economy and marketing policy
260   $aRio,$c1957.
300   $a108 p.$billus.
500   $aCover title: Brazil's cocoa economy and marketing policy.
504   $aIncludes bibliography.
710 2 $aBanco do Brasil.
988   $a20020608
906   $0OCLC

