LEADER 01117cas a2200289I  4500
001 005000213-9
005 20020606095253.2
008 800405u19689999bl uu p       0   b0por d
035 0 $aocm06170003
040   $aIXA$cIXA$dHLS
041 0 $aengporspa
245 00$aEstudos anglo-hispânicos.
260   $aSão José do Rio Prêto, Brazil,$bFaculdade de Filosofia, Ciências e Letras.
300   $av.$c23 cm.
362 0 $asér. 1, no. 1- 1968-
515   $aNo. 1 also called série 1.
515   $aCeased with no. 2/3.
546   $aArticles in Spanish, English or Portuguese.
550   $aPublished by Faculdade de Filosofia, Ciencias e Letras de São José do Rio Prêto.
650  0$aEnglish literature$xHistory and criticism$vPeriodicals.
650  0$aAmerican literature$xHistory and criticism$vPeriodicals.
650  0$aSpanish literature$xHistory and criticism$vPeriodicals.
650  0$aSpanish American literature$xHistory and criticism$vPeriodicals.
710 2 $aFaculdade de Filosofia, Ciências e Letras de São José do Rio Prêto.
785 02$tMímesis
988   $a20020608
906   $0OCLC

