LEADER 00780cam a2200217 a 4500
001 005000214-7
005 00000000000000.0
008 800410s1930    nyua          000 0 eng d
010   $a   30021069 
035 0 $aocm06184575
040   $aDLC$cCLE$dOCL$dHBS$dHMM
050   $aHD9199.A2$bU3 1930
082   $a338.1
100 1 $aUkers, William H.$q(William Harrison),$d1873-1945.
245 10$aCoffee merchandising :$ba handbook to the coffee business giving elementary and essential facts pertaining to the history, cultivation, preparation, and making of coffee /$cby William H. Ukers.
250   $a2nd ed.
260   $aNew York :$bTea and coffee trade journal Co.,$c1930.
300   $axii, 245 p. :$bill. ;$c21 cm.
650  0$aCoffee industry.
988   $a20020608
906   $0DLC

