LEADER 00837cas a2200301I  4500
001 005000215-5
005 20020606095253.2
008 800410d19581964bl  x         0    0por d
022   $a0425-4066
035 0 $aocm06189006
040   $aIXA$cIXA$dIUL$dHLS
043   $as-bl---
082 2 $a335
090   $aH8$b.E82
245 00$aEstudos sociais.
260   $aRio de Janeiro$b[s.n.]
300   $a5 v.$c23 cm.
310   $aFrequency varies.
362 0 $aano 1- (no. 1- ) 1958-
362 1 $aEnds publication with fev. 1964$zCf. New serial titles.
500   $aEditor: Astrojildo Pereira.
515   $aNo more published?
650  0$aCommunism$vPeriodicals.
650  0$aCommunism$zBrazil$vPeriodicals.
650  0$aSocial sciences$vPeriodicals.
700 1 $aPereira, Astrojildo,$eed.
988   $a20020608
906   $0OCLC

