LEADER 00693nam a2200217   4500
001 005000216-3
005 00000000000000.0
008 800414s1894    moub    r     000 0 eng  
010   $a   06026268 
035 0 $aocm06202217
040   $aDLC$cCLE$dHBS
050   $aTC823.6$b.U6
110 2 $aUnion Pacific Railroad Company.
245 10$aIrrigation.$bIts history, methods, statistics and results. Lands irrigated along the Union Pacific system.
260   $aSt. Louis,$bWoodward & Tiernan printing company,$c1894.
300   $a124 p.$bmap.$c21 cm.
500   $aBy Benjamin H. Barrows.
650  0$aIrrigation$zUnited States.
700 1 $aBarrows, Benjamin H.
988   $a20020608
906   $0DLC

