LEADER 00731nam a22001937a 4500
001 005000217-1
005 20020606095253.2
008 910507s1869    it            00000 ita d
035 0 $aocn239255700
035 0 $aocm80249920
100 1 $aCasarini, Giorgio.
245 10$aDaniele. - Manin :$bquesti nomi segnati nel libro del destino predissero quattro epoche memorande - Daniele antico ... Manin dittatore ... di Venezia.
260   $a[Venezia] :$bTip. del Commercio di M. Visentini,$c1869.
300   $a28 p. ;$c25 cm.
600 10$aManin, Daniele,$d1804-1857.
651  0$aVenice (Italy)$xHistory$y1797-1866.
830  0$aHarvard Risorgimento preservation microfilm project.$nProject 2b ;$v26746.$5mmf
988   $a20020608
906   $0MH

