LEADER 00875cas a2200301Ia 4500
001 005000218-X
005 20020606095253.2
008 800414u19309999mx br p       0   b0spa d
035 0 $aocm01568380
035 0 $aocm06203862
040   $aIXA$cIXA$dIUL$dHLS
043   $an-mx---
090   $aAP63$b.E88
245 00$aEurindia.
260   $a[México, D.F. :$bInstituto de Ciencias Políticas],$c1930-
300   $av. :$bill. ;$c23 cm.
310   $aBimonthly
321   $aMonthly,$bmayo-oct. 1930
362 0 $aAño 1 (mayo 1930)-
500   $aOrgano del Instituto de Ciencias Políticas.
500   $aTitle from cover.
500   $aEditor: Diego Córdoba.
500   $aSubtitle varies.
651  0$aMexico$vPeriodicals.
700 1 $aCórdoba, Diego Luis,$d1907-1964.
710 2 $aInstituto de Ciencias Políticas (Mexico)
988   $a20020608
906   $0OCLC

