LEADER 00552cas a2200193I  4500
001 005000219-8
005 20020606095253.2
008 800414u19619999mx qr p       0   b0spa d
035 0 $aocm06203972
035 0 $aocm06203972$zocm02260921
040   $aIXA$cIXA$dOCL$dHLS
245 00$aEutaxia;$brevista trimestral de cultura.
260   $aMéxico, D.F.$b[Editorial Guaranía]
300   $av.$c24 cm.
362 0 $at. 1- 4. trimestre de 1961-
550   $aEditada por la Editorial Guaranía.
651  0$aMexico$vPeriodicals.
988   $a20020608
906   $0OCLC

