LEADER 00566nam a2200157   4500
001 005000220-1
005 00000000000000.0
008 800416s1948    dcua         f000 0 eng d
035 0 $aocm06210385
040   $aCLE$cCLE$dHBS
110 1 $aUnited States.$bBureau of Agricultural Economics.
245 10$aTobaccos of the United States;$bacreage, yield per acre, production, price, and value by states, 1866-1945 and by types and classes, 1919-45.
260   $aWashington, D.C.$b[U.S. Govt. Print. Off.]$c1948.
300   $a82 p.$bdiagrs., tables.
988   $a20020608
906   $0OCLC

