LEADER 00666nam a2200217   4500
001 005000221-X
005 00000000000000.0
008 800416s1857    nyu           000 0 eng  
010   $a   07008180 
035 0 $aocm06211719
040   $aDLC$cABC$dABC$dHBS
050 0 $aHF5386$b.W4
100 1 $aWells, Samuel R.$q(Samuel Roberts),$d1820-1875.
245 10$aHow to do business:$ba pocket manual of practival affairs, and guide to success in life.
260   $aNew York,$bFowler and Wells,$c1857.
300   $aviii, [9]-156 p.$c19 cm.
490 0 $aHand-books for home improvement,$vno. 4
650  0$aBusiness.
650  0$aSuccess.
988   $a20020608
906   $0DLC

