LEADER 00821cam a2200229 a 4500
001 005000222-8
005 20080627213700.0
008 800418s1952    dcu      b   f001 0 eng d
035 0 $aocm06218267
040   $aTXA$cTXA$dAGL$dHBS
072   $aQ002$aX200
100 1 $aBien, Corabel,$d1889-
245 10$aTropical beef cattle industry in the Western Hemisphere /$ccompiled by Corabel Bien and Marie Gould.
260   $aWashington, D.C. :$bU.S. Dept. of Agriculture,$c1952.
300   $a157 p. ;$c23 cm.
490 1 $aBibliographical bulletin / United States Department of Agriculture ;$vno. 19
500   $aIncludes index.
650  0$aBeef cattle$vBibliography.
700 1 $aGould, Marie L.
830  0$aBibliographical bulletin (United States. Department of Agriculture) ;$vno. 19.
988   $a20020608
906   $0OCLC

