LEADER 01009nam a2200313 a 4500
001 005000223-6
005 20020606095253.2
008 831117s1979    fr a     cb   000 0 fre  
010   $a   80107898 
020   $a2711800504 :$c120F
035 0 $aocm06234996
040   $aDLC$cDLC$dHFL
043   $ae-fr---$af-ua---
050 0 $aN5350$b.M83 1979
082 0 $a709/.32/0740499$219
110 2 $aMusée de Grenoble.
245 10$aGrenoble, Musée des beaux-arts :$bcollection égyptienne /$cGabrielle Kueny, Jean Yoyotte.
260   $aParis :$bEditions de la Réunion des musées nationaux,$c1979.
300   $a217 p. :$bill. ;$c24 cm.
440  0$aInventaire des collections publiques françaises ;$v23
500   $aIncludes index.
504   $aBibliography: p. 16-17.
610 20$aMusée de Grenoble$vCatalogs.
650  0$aArt, Egyptian$vCatalogs.
650  0$aArt$zFrance$zGrenoble$vCatalogs.
700 1 $aKueny, Gabrielle.
700 1 $aYoyotte, Jean.
988   $a20020608
906   $0DLC

