LEADER 00527nas a2200193I  4500
001 005000224-4
005 20020606095253.2
008 800428u19509999fr br p       0   b0baq d
035 0 $aocm06256750
040   $aIXA$cIXA$dHLS
245 00$aEuzko gogoa.
260   $aParis.
300   $av.$c18-30 cm.
362 1 $aBegan Jan. 1950.$zCf. New serial titles, 1950-60.
500   $aPublished in Guatemala, 1950-55.
515   $aNo more published after 1958?
650  0$aBasque literature$vPeriodicals.
988   $a20020608
906   $0OCLC

