LEADER 00713cas a2200241I  4500
001 005000225-2
005 20020606095253.2
008 800430u19269999fr uu p       0   b0fre  
010   $a   33020169 
035 0 $aocm06264705
040   $aDLC$cIUL$dHLS
050 0 $aAP25$b.E8
082   $a054
245 02$aL'Europe centrale.
260   $aParis [etc.]$bl'Europe centrale [etc.]
300   $av.$bill. (incl. ports.)$c30 cm.
362 0 $a1.- année; 9 oct. 1926-
500   $a"Revue de documentation, politique, économique, littéraire et artistique."
500   $aEditor: 1926- Georges Mariot.
500   $aRédacteur en chef: Victor Samaret.
700 1 $aMariot, Georges.
988   $a20020608
906   $0DLC

