LEADER 01451cas a2200349I  4500
001 005000226-0
005 20020606095253.2
008 800501u19699999fr qr p       0   b0fre d
022   $a0531-9471
035 0 $aocm06271628
040   $aIUL$cIUL$dHLS
043   $ae-fr---
082 2 $a944
090   $aGR162.L6$bE8
222  0$aÉtudes limousines
245 00$aÉtudes limousines.
260   $aLimoges,$bSociété d'ethnographie du Limousin, de la Marche, et des régions voisines.
300   $ano.$bill.$c24 cm.
310   $aQuarterly
362 0 $ano. 32- mars 1969-
515   $aSome issues are combined.
515   $aIssues for mars 1969- called also: 7e année-
515   $aCeased with no. 55.
525   $aSupplements accompany some issues.
550   $aBulletin de la Société d'ethnographie du Limousin, de la Marche, et de régions voisines.
550   $aNo. issued by the society under a variant form of name: Société d'ethnographie du Limousin et de la Marche.
650  0$aFolklore$zFrance$zLimousin$vPeriodicals.
710 2 $aSociété d'ethnographie du Limousin, de la Marche, et des régions voisines.
780 00$tÉtudes regionales; tradition et progrés$x0531-1977$w(OCoLC)6271634
785 00$aSociété d'ethnographie du Limousin, de la Marche et des régions voisines.$tBulletin de la Société d'ethnographie du Limousin, de la Marche et des régions voisines
988   $a20020608
906   $0OCLC

