LEADER 01162cas a2200313I  4500
001 005000227-9
005 20020606095253.2
008 800501d19uu1968fr  x         0   b0fre d
022   $a0531-1977
035 0 $aocm06271634
040   $aIUL$cIUL$dHLS
043   $ae-fr---
082 2 $a572
090   $aGR162.L6$bE8
222  0$aÉtudes régionales
245 00$aÉtudes régionales.
260   $aLimoges,$bSociété d'ethnographie du Limousin, de la Marche et des régions voisines.
300   $a31 no.$bill.$c24 cm.
310   $aIrregular
362 0 $a1-31; -déc. 1968.
515   $aIssues for <1965>-1968 called also: 3e-6e année.
525   $aSupplements accompany some numbers.
550   $aBulletin de la Société d'ethnographie du Limousin, de la Marche, et des régions voisines.
550   $aNo. issued by the society under a variant form of name: Société d'ethnographie du Limousin et de la Marche.
650  0$aFolklore$zFrance$zLimousin.
710 2 $aSociété d'ethnographie du Limousin, de la Marche, et des régions voisines.
785 00$tÉtudes limousines$x0531-9471$w(OCoLC)6271628
988   $a20020608
906   $0OCLC

