LEADER 01072nam a2200241   4500
001 005000228-7
005 20090714064400.0
008 800502s1909    dcu          f000 0 eng  
010   $a   09035457 
035 0 $aocm06272251
040   $aDLC$cCLE$dHBS
050   $aHD2780.S506$bD44
110 1 $aUnited States.$bDepartment of Justice.
245 10$aUnited States of America, petitioner, v. Standard oil company of New Jersey et al., defendants.$bBrief of facts and argument for petitioner ...$cGeorge W. Wickersham, attorney-general. Frank B. Kellogg, Charles B. Morrison, Cordenio A. Severance, and J. Harwood Graves, special assistants to the attorney-general.
260   $a[Washington,$bGovt. print. off.,$c1909]
300   $a2 v.$c23 cm.
500   $aAt head of title: In the Circuit court of the United States for the Eastern division of the Eastern judicial district of Missouri.
650  0$aAntitrust law.
650  0$aCorporation law.
710 1 $aUnited States.$epetitioner.
710 2 $aStandard Oil Company.$edefendant.
988   $a20020608
906   $0DLC

