LEADER 00667cas a2200217I  4500
001 005000229-5
005 20020606095253.2
008 800502d19uu1974le ar         0   b0fre d
035 0 $aocm06273088
040   $aIUL$cIUL$dIXA$dHLS
090   $aHC497.L4$bE85
245 00$aÉtude annuelle sur l'économie libanaise.
246 00$aÉconomie libanaise
260   $aBeyrouth,$bBureau des documentations libanaises et arabes.
300   $av.$c28 cm.
362 0 $a19 -74.
651  0$aLebanon$xEconomic conditions$vPeriodicals.
710 2 $aMaktab al-Dirāsāt al-Lubnānīyah wa-al-ʻArabīyah.
772 0 $tArgus des documents libanais
988   $a20020608
906   $0OCLC

