LEADER 00707nam a2200205Ii 4500
001 005000230-9
005 20020606095253.2
008 800507s1913    nyuaf         000 0 eng d
035 0 $aocm06289958
040   $aLDL$cLDL$dHLS
050  4$aQL795.D6$bG2 1913x
090   $aQL795.D6$bG2 1913x
100 2 $aGambier-Parry, Ernest,$d1853-
245 10$a"Murphy" :$ba message to dog-lovers /$cby Major Gambier-Parry.
260   $aNew York :$bM. Kennerley,$c1913.
300   $a224 p., [2] leaves of plates :$bill. ;$c19 cm.
650  0$aDogs$xLegends and stories.
776 08$iOnline version:$aGambier-Parry, Ernest, 1853-$t"Murphy"$dNew York : M. Kennerley, 1913$w(OCoLC)902933239
988   $a20020608
906   $0OCLC

