LEADER 00968cas a2200277I  4500
001 005000231-7
005 20020606095253.2
008 800515u1uuu9999fr br p       0    0fre  
010   $a   55041859 
035 0 $aocm06322026
040   $aDLC$cIUL$dIUL$dHLS
050 0 $aHB3$b.M733
245 00$aEtudes économiques.
260   $a[Paris, etc.,$bs.n.]
300   $ano.$c25 cm.
310   $aBimonthly
321   $a4 no. a year
362 1 $aCeased with no. 145 and index no. 81-141.
550   $aNumbers for "Publiées sous les auspices de l'Association des licenciés de l'Institut supérieur commercial et consulaire de Mons."
550   $aPublie par le Section économique du Comité central du Parti communiste français.
555   $aNo. 81-141, 1954-62.
650  0$aEconomics$vPeriodicals.
710 1 $aMons (Belgium).$bInstitut supérieur commercial et consulaire.
710 2 $aParti communiste.$bComité central.
988   $a20020608
906   $0DLC

