LEADER 01084nam a2200253I  4500
001 005000232-5
005 20050812100830.0
008 800516s1712    enk           000 0 eng d
035 0 $aocm06324431
040   $aIXA$cIXA$dHHG
090   $aDA496 1712$b.P32 no.6
245 12$aA complete key to the three parts of Law is a bottomless-pit,$band The story of the St. Alban's ghost ...
260   $a[London?]$cPrinted in the year 1712.
300   $a8 p. ;$c19 cm.
500   $aMorgan O47.
500   $aVery doubtfully attributed to William Wagstaffe.
600 10$aArbuthnot, John,$d1667-1735,$esupposed author.$tLaw is a bottomless pit.
600 10$aWagstaffe, William,$d1685-1725,$esupposed author.$tStory of St. Alb--n's ghost.
700 1 $aArbuthnot, John,$d1667-1735,$esupposed author.$tComplete key to the three parts of Law is a bottomless-pit, and The story of the St. Alban's ghost.
700 1 $aWagstaffe, William,$d1685-1725,$esupposed author.
700 1 $aSwift, Jonathan,$d1667-1745,$esupposed author.
752   $aEngland$dLondon.
988   $a20020608
906   $0OCLC

