LEADER 00729nam a2200181   4500
001 005000233-3
005 20080627213700.0
008 800520s1946    dcuab        f000 0 eng d
035 0 $aocm06337269
040   $aCLE$cCLE$dHBS
110 1 $aUnited States.$bWar meat board.
245 10$aLivestock slaughter and meat statistics,$ccompiled by the Analysis section of the War meat board, 1942-1946.
260   $a[Washington]$bU.S. Dept. of agriculture, Production and marketing administration, Livestock branch,$c1946.
300   $aiv, 56 p., incl. tables, map.
500   $aReproduced from typewritten copy.
710 1 $aUnited States.$bDepartment of Agriculture.$bProduction and Marketing Administration.
988   $a20020608
906   $0OCLC

