LEADER 00615nam a2200205   4500
001 005000234-1
005 00000000000000.0
008 800520s1951    dcu          f000 0 eng  
010   $a   52060191 /L
035 0 $aocm06338139
040   $aDLC$cCLE$dHBS
050   $aHD9259.N7$bU5 1951
082   $a338.1745
110 2 $aUnited States Tariff Commission.
245 10$aTree nuts;$breport to the President under section 22 of the Agricultural adjustment act as amended, and Proclamation by the President.
260   $aWashington,$c1951.
300   $a40 ℓ.$c27 cm.
650  0$aNuts.
988   $a20020608
906   $0DLC

