LEADER 00768cam a2200205I  4500
001 005000235-X
005 20020606095253.2
008 780121s1832    nyu           000 0 eng  
010   $a   06030616 
035 0 $aocm03573550
040   $aDLC$cRRR$dRRR$dHLS
050 0 $aHG2529 1832$b.T2
100 1 $aTallmadge, Nathaniel Pitcher,$d1795-1864.
245 00$aSpeech of the Hon. N. P. Tallmadge,$bdelivered in the Senate of the state of New-York, February, 1832, on the resolution against renewing the charter of the Bank of the United States.
260   $aAlbany,$bPrinted by Packard & Van Benthuysen,$c1832.
300   $a37 p.$c23 cm.
500   $aAt head of title: Albany Argus, extra.
610 20$aBank of the United States (1816-1836)
988   $a20020608
906   $0DLC

