LEADER 01274cem a2200361Ia 4500
001 005000236-8
005 20020606095253.2
008 920929s1989    onc       a     1   fre d
020   $c$2.95
034 1 $aa$b25000
035 0 $aocm26682476
040   $aMEU$cMEU$dGUA$dHLS
041   $afreeng
043   $an-cn-qu
052   $a3454$bL46$bM8
090   $aG3454.L46$b1989 .M3
110 2 $aMapArt (Firm)
245 13$aLa rive nord Laval =$bLaval & the north shore : ci includ/including: Deux-Montagnes, St-Eustache, Boisbriand, Rosemere, Ste-Thérèse, Bois-des-Filion, Terrebonne, Lorraine, Mascouche, Lachenaie.
246 3 $aLaval et la rive nord.
246 3 $aLaval and the north shore.
255   $aScale 1:25,000.
260   $aOshawa, Ont. :$bMapArt,$cc1989.
300   $a3 maps on 1 sheet :$bboth sides, col. ;$c61 x 94 cm. or smaller, sheet 63 x 96 cm.
500   $aPanel title.
500   $aAlternate title: Laval et la rive nord.
500   $aOriented with north to the upper right.
500   $a"Copyright 1989/90..."
500   $aIndexed.
650  0$aCities and towns$zQuébec$zLaval Region$vMaps.
651  0$aLaval Region (Québec)$vMaps.
651  0$aMontreal Suburban Area (Québec)$vMaps.
988   $a20020608
906   $0OCLC

