LEADER 00736nam a2200241   4500
001 005000237-6
005 00000000000000.0
008 800527s1950    at ab    b    000 0 eng c
010   $aagr50000089 
015   $aGB50-5313
035 0 $aocm06361423
040   $aU.S. Dept. of Agr. Libr.$cNRC$dUKM$dHBS
050 0 $aSF375.5.A8$bM8
082   $a636.314
100 1 $aMunz, Hirsch.
245 14$aThe Australian wool industry.$cForeword by I. Clunics Ross.
260   $aSydney,$bAngus and Robertson$c[1950]
300   $axii, 162 p.$billus., maps.$c23 cm.
504   $aBibliography: p. [155] "Pamphlets, bulletins, etc.": p. [156]
650  0$aSheep$zAustralia.
650  0$aWool industry$zAustralia.
988   $a20020608
906   $0OCLC

