LEADER 00716nas a2200229I  4500
001 005000238-4
005 20020606095253.2
008 800528d1uuu1970po mn p       0   b0por d
035 0 $aocm06367230
040   $aIUL$cIUL$dHLS
090   $aBX805$b.E82
245 00$aEstudos;$brevista de cultura e formação católica.
260   $aCoimbra$b[s.n.]
300   $a488 no.$c23 cm.
310   $aMonthly (except Aug. and Sept.)
362 1 $aCeased publication with no. 486/488, 1970.
500   $aSubtitle varies.
550   $aOrgão do Centro académico de democracia cristã.
610 20$aCatholic Church$vPeriodicals.
710 2 $aCentro Académico de Democracia Cristã, Coimbra.
988   $a20020608
906   $0OCLC

