LEADER 00633cam a2200217 a 4500
001 005000239-2
005 00000000000000.0
008 800529s1886    nyua          000 0 eng d
010   $a   51048707 
035 0 $aocm06369067
040   $aDLC$cMBB$dMBB$dHBS$dHMM
050 0 $aPZ3.L489$bKi2
100 1 $aLeavitt, John McDowell,$d1824-1909.
245 10$aKings of capital and knights of labor /$cby John McDowell Leavitt.
260   $aNew York :$bPowers & Le Craw,$cc1886.
300   $axviii, 681 p. :$bill. ;$c26 cm.
650  0$aCapitalists and financiers.
650  0$aCapital.
650  0$aLabor.
988   $a20020608
906   $0DLC

