LEADER 00737nam a2200205I  4500
001 005000240-6
005 20090706115041.0
008 800603s1969    xx a     c    000 0 ger  
010   $a   72585893 
035 0 $aocm06385353
040   $aDLC$cCRU$dHFL
050 0 $aNC251.F48$bH4
110 2 $aHeidelberger Kunstverein.
245 10$aAnselm Feuerbach als Zeichner,$bAusstellung.$cHeidelberg, Kunstverein, 31. August bis 28. September 1969. Speyer, Historisches Museum der Pfalz, 4. Oktober bis 2. November 1969.
260   $a[n. p.,$c1969?]
300   $a62 p.$bxxxv p. of illus.$c15 x 21 cm.
600 10$aFeuerbach, Anselm Friedrich,$d1829-1880.
710 2 $aHistorisches Museum der Pfalz (Speyer, Germany)
988   $a20020608
906   $0DLC

