LEADER 00633nam a2200217I  4500
001 005000241-4
005 20020606095253.2
008 800605s1878    sp            000 0 spa d
035 0 $aocm06391765
040   $aTJC$cTJC$dHLS
050  4$aBH39.G54$bF5
090   $aBH39.G54$bF5
100 2 $aGiner de los Ríos, Hermenegildo,$d1847-1923.
245 10$aFilosofía y arte,$cpor Hermenegildo Giner, con un prólogo de Nicolás Salmeron.
260   $aMadrid,$bM. Minuesa de los Ríos,$c1878.
300   $axxxv, 325 p.$c18 cm.
650  0$aAesthetics.
650  0$aEthics.
650  0$aArt$xPhilosophy.
988   $a20020608
906   $0OCLC

