LEADER 00781nam a2200217 a 4500
001 005000242-2
005 00000000000000.0
008 800611s1879    gw            000 0 ger d
010   $ag  01002217 
035 0 $aocm06406418
040   $aDLC$cKKU$dKKU$dHBS$dHMM
050   $aHD7091$b.B8
100 1 $aBrentano, Lujo,$d1844-1931.
245 14$aDie Arbeiterversicherung gemäss der heutigen Wirtschaftsordnung :$bGeschichtliche und ökonomische Studien /$cvon Lujo Brentano.
260   $aLeipzig :$bDuncker & Humblot,$c1879.
300   $axi, 262 p. ;$c20 cm.
504   $aIncludes bibliographical references.
504   $a"Schriften desselben Verfassers über die Arbeiterfrage": on verso of half-title page.
650  0$aIndustrial life insurance.
988   $a20020608
906   $0DLC

