LEADER 00860cam a2200241 a 4500
001 005000243-0
005 20080627213700.0
008 800611s1970    dcub     b   f000 0 eng d
035 0 $aocm06409373
040   $aHNT$cHNT$dAGL$dHBS
072   $aH000
245 00$aQuantities of pesticides used by farmers in 1966 /$c[by Theodore Eichers ... et al.].
260   $aWashington, D.C. :$bEconomic Research Service, U.S. Dept. of Agriculture,$c1970.
300   $avi, 61 p. :$bill., maps ;$c26 cm.
440  0$aAgricultural economic report ;$vno. 179
500   $aCover title.
504   $aIncludes bibliographical references.
650  0$aPesticides.
650  0$aPesticides$xEconomic aspects.
700 1 $aEichers, Theodore Raymond,$d1928-
710 1 $aUnited States.$bDepartment of Agriculture.$bEconomic Research Service.
988   $a20020608
906   $0OCLC

