LEADER 00919nam a2200241 a 4500
001 005000244-9
005 00000000000000.0
008 800613s1894    paua          000 0 eng d
010   $a   43047313 
035 0 $aocm06415454
040   $aDLC$cCLE$dHBS$dHMM
050   $aSB269$b.W22 1894a
100 1 $aWalsh, Joseph M.
245 10$aCoffee :$bits history, classification and description /$cby Joseph M. Walsh.
260   $aPhiladelphia :$bJ.C. Winston Co.,$cc1894.
300   $a300 p. :$bill. ;$c20 cm.
650  0$aCoffee.
650 12$aCoffee.
776 08$iOnline version:$aWalsh, Joseph M.$tCoffee.$dPhiladelphia, Chicago The John C. Winston Co. ©1894$w(OCoLC)903638656
830  0$aHarvard social history/business preservation microfilm project.$nProject 3 ;$v30064.$5mmf
830  0$aHarvard social history/business preservation microfilm project.$nProject 3 ;$v30064.$5mmf
988   $a20020608
906   $0DLC

