LEADER 01075nam a2200229   4500
001 005000245-7
005 00000000000000.0
008 800616s1932    enkab    b    000 0 eng c
010   $aagr33000384 
035 0 $aocm06429574
040   $aLibrary, U.S. Dept. of Agriculture$cTXA$dHBS
100 1 $aDuckham, A. N.$q(Alec Narraway)
245 10$aAnimal industry in the British empire;$ba brief review of the significance, methods, problems, and potentialities of the live-stock and dairying industries of the British commonwealth,$cby A. N. Duckham, M.A. With a foreword by J. B. Orr ...
260   $aLondon,$bOxford university press, H. Milford,$c1932.
300   $axvi p., 1 ℓ., 239, [1] p. incl. front., illus., maps.$c23 cm.
500   $a"The data ... were collected and collated by the writer for the Imperial bureau of animal nutrition."--Pref.
504   $a"Sources of information": p. [223]-235.
650  0$aDairying$zGreat Britain.
650  0$aDomestic animals$zGreat Britain.
710 2 $aImperial Bureau of Animal Nutrition.
988   $a20020608
906   $0OCLC

