LEADER 00493cam a2200181I  4500
001 005000246-5
005 20020606095253.2
008 800618s1905    xxc           000 0 fre  
010   $a   07024919 //r
035 0 $aocm06433732
040   $aDLC$cVIC$dOCL$dHLS
050   $aF1001$b.G13
100 1 $aGagnon, Ernest,$d1834-1915.
245 10$aChoses d'autrefois; feuilles éparses.
260   $aQuébec,$bTyp. Dussault & Proulx,$c1905.
300   $aviii, 320 p.$c20 cm.
988   $a20020608
906   $0DLC

