LEADER 00662nas a2200217I  4500
001 005000247-3
005 20020606095253.2
008 800626u19099999enkar         0   a0eng d
035 0 $aocm06462851
040   $aSNN$cSNN$dHLS
090   $aHQ750.A1$bE86
110 2 $aEugenics Society (London, England)
245 00$aAnnual report.
260   $aLondon,$bEugenics Society.
300   $av.$c25 cm.
362 0 $a1908/09-
515   $aReport year irregular.
550   $aVols. for 1908/09-1925/26 issued by the society under an earlier name: Eugenics Education Society.
610 20$aEugenics Society (London, England)$vPeriodicals.
988   $a20020608
906   $0OCLC

