LEADER 01461cas a2200313 a 4500
001 005000248-1
005 20050319202207.0
008 800630d19481948pe uu p       0    0spa d
010   $asn 95036098 
035 0 $aocm06471857
040   $aIXA$cIXA$dHUL$dHMM
042   $alcd
043   $as-pe---
050 14$aF3429$b.C974
245 00$aRevista del Instituto y Museo Arqueológico /$cUniversidad Nacional del Cuzco.
260   $aCuzco, Perú :$bLa Universidad,$c1948.
300   $a1 v. :$bill. ;$c23 cm.
362 0 $aAño 7, no. 12 (jul. 1948).
515   $aPublication of previous title, Revista del Instituto Arqueológico, suspended 1943-47, during which period the Revista de la Sección Arqueológica de la Universidad Nacional del Cuzco was issued. Cf. Union list of serials.
515   $aIssue for July 1948 called also 2. época.
555   $aAuthor index, v. 1 (1936)-13 (1963), in v. 14 (includes author index to the journal under its earlier and later titles).
650  0$aPeru$xAntiquities$vPeriodicals.
651  0$aCuzco (Peru)$xAntiquities$vPeriodicals.
710 2 $aUniversidad Nacional del Cuzco.$bInstituto y Museo Arqueológico.
780 00$tRevista del Instituto Arqueológico$w(DLC)sn 95036099$w(OCoLC)6502119
785 00$tRevista del Museo e Instituto Arqueológico$w(DLC)sn 95036097$w(OCoLC)6472034
830  0$aHarvard anthropology preservation microfilm project ;$v10031.$5mmf
988   $a20020608
906   $0OCLC

