LEADER 00913nam a2200265   4500
001 005000249-X
005 00000000000000.0
008 800702s1965    caua          000 0 eng  
010   $a   67011049 
035 0 $aocm06478962
040   $aDLC$cOUN$dHBS
050   $aHD9043.6$b.F753
100 1 $aFriedmann, Karen Juul,$d1907-
245 10$aGerman grain policies and prices: 1925-1964.
260   $aStanford, Calif.,$bFood Research Institute, Stanford University,$c1965.
300   $a32-97 p.$billus.
500   $aReprinted from Food Research Institute Studies v.5, no.1, 1965.
500   $a"One of a group of studies in Commodity economics and agricultural policy."
500   $a"Correction" slip tipped in.
504   $aBibliography footnotes.
650  0$aGrain trade$zGermany.
650  0$aGrain$xPrices.
710 2 $aStanford University.$bFood Research Institute.
988   $a20020608
906   $0DLC

