LEADER 01837cam a2200289I  4500
001 005000250-3
005 20020606095253.2
008 800707s1951    enkab    b    001 0 eng  
010   $a   52001825 
015   $aGB51-12571
035 0 $aocm06493050
035 0 $aocm06493050$zocm00261656
040   $aDLC$cAZU$dOCL$dWSU$dUKM$dHLS
050 0 $aHT151$b.T36 1951
082   $a323.35$a301.36
100 1 $aTaylor, Thomas Griffith,$d1880-1963.
245 10$aUrban geography;$ba study of site, evolution, pattern and classification in villages, towns and cities.
250   $a2d ed., rev.
260   $aLondon,$bMethuen ;$aNew York,$bDutton$c[1951].
300   $axv, 439 p.$billus., maps.$c28 cm.
490 0 $aMethuen's advanced geographies
504   $aBibliography: p. 427-434.
505 0 $aPART ONE: GENERAL FEATURES -- Introduction and Scope of Book -- Seven Towns in Seven Continents, Effect of Latitude -- Characteristics of the Beginnings of Settlements -- Townships, Land Survey, and Effect on Town Plans -- The Evolution of a Large City: Toronto -- PART TWO: HISTORICAL -- Primitive and Asiatic Towns -- Greek Towns -- Roman Towns -- Early Medieval Towns -- The Transition from Medieval to Modern: Baroque -- The Modern Cit: London and New York -- PART THREE: TOPOGRAPHIC AND OTHER CONTROLS -- Geological Control: Towns in Plains -- Towns Sited on Rivers: Fall Towns -- Seaports and Lake Ports -- Mountain Towns: The Brenner Corridor -- Mining Towns -- Religious Centres and Resort Towns -- Planned Cities: Canberra -- Regional Surveys: New York State Survey -- Classification and Conclusions.
650  0$aCities and towns.
776 08$iOnline version:$aTaylor, Thomas Griffith, 1880-1963.$tUrban geography.$b2d ed., rev.$dLondon, Methuen ; New York, Dutton [1951]$w(OCoLC)605029975
988   $a20020608
906   $0DLC

