LEADER 00544nam a2200193I  4500
001 005000251-1
005 20020606095253.2
008 800717s1955    ag c          000 0 spa d
035 0 $aocm06525291
040   $aTXA$cTXA$dHLS
041 1 $aspaund
100 1 $aGiovaninetti, Silvio,$d1901-
245 10$aSangre verde,$bdrama en tres actos.
260   $aBuenos Aires,$bEdiciones Losange$c[1955]
300   $a77 p.$bport.
490 0 $aPublicación teatral periódica,$v22
500   $a"Traducción de Attilio Dabini."
988   $a20020608
906   $0OCLC

