LEADER 01955cam a2200409 i 4500
001 005000252-X
005 20090908174834.0
008 800620s1980    gw       b    001 0 ger  
010   $a   80481477 //r853
015   $aGFR80-A
020   $a3598100264
035 0 $aocm06533396
035 0 $aocm06533396$zocm10857003
040   $aDLC$cDLC$dOCL$dHFL
041 0 $agereng
050 0 $aZ7134$b.H44$aTR145
082   $a016.77
100 1 $aHeidtmann, Frank.
245 14$aDie deutsche Photoliteratur 1839-1978 :$bTheorie, Technik, Bildleistungen : e. systemat. Bibliogr. d. selbständigen deutschsprachigen Photoliteratur = German photographic literature : 1839-1978 : theory, technology, visual : a classified bibliography of German-language photographic publications /$cFrank Heidtmann, Hans-Joachim Bresemann, Rolf H. Krauss.
246 3 $aGerman photographic literature.
260   $aMünchen ;$aNew York ;$aLondon ;$aParis :$bSaur,$c1980.
300   $axxx, 690 p. ;$c22 cm.
490 1 $aSchriftenreihe der Deutschen Gesellschaft für Photographie e.V. ;$vBd. 1
490 1 $aVeröffentlichungen des Instituts für Bibliothekarausbildung an der Freien Universität Berlin ;$vBd. 22
500   $aPref. and table of contents also in English.
500   $aIncludes index.
650  0$aPhotography$vBibliography.
655  7$aBibliography.$2fast
700 1 $aKrauss, Rolf H.,$ejoint author.
700 1 $aBresemann, Hans-Joachim,$ejoint author.
700 1 $aBresemann, Hans-Joachim,$eauthor.
700 1 $aKrauss, Rolf H.,$eauthor.
776 08$iOnline version:$aHeidtmann, Frank.$tDeutsche Photoliteratur 1839-1978.$dMünchen ; New York ; London ; Paris : Saur, 1980$w(OCoLC)558539786
830  0$aSchriftenreihe der Deutschen Gesellschaft für Photographie ;$vBd. 1.
830  0$aVeröffentlichungen des Instituts für Bibliothekarausbildung der Freien Universität Berlin ;$vBd. 22.
988   $a20020608
906   $0DLC

