LEADER 00741nam a2200229I  4500
001 005000253-8
005 20020606095253.2
008 800725s1922    fr            000 0 fre  
010   $a   22016541 //r
035 0 $aocm06551035
040   $aDLC$cFQG$dHLS
050   $aQ177$b.G58
060 00$aQ 158$bG575s 1922
100 1 $aGoblot, Edmond,$d1858-1935.
245 13$aLe système des sciences;$ble vrai, l'intelligible et le réel.
260   $aParis,$bA. Colin,$c1922.
300   $a2 p. ℓ., 259 p.$c19 cm.
650  0$aClassification of sciences.
650  0$aScience$xPhilosophy.
776 08$iOnline version:$aGoblot, Edmond, 1858-1935.$tSystème des sciences.$dParis, A. Colin, 1922$w(OCoLC)594094213
988   $a20020608
906   $0DLC

