LEADER 01728nam a2200313Ii 4500
001 005000254-6
005 20020606095253.2
008 800806s1945    stkc          000 0 eng d
035 0 $aocm06591425
040   $aCFT$cCFT$dHLS
050  4$aPJ3002.Z5$bS84 1945
090   $aPJ3002.Z5$bS84
110 1 $aGlasgow (Scotland).$bUniversity.$bOriental Society.
245 00$aPresentation volume to William Barron Stevenson /$ced. by C. J. Mullo Weir.
260   $aGlasgow :$bGlasgow University Oriental Society,$c1945.
300   $a140 p. :$bport. ;$c23 cm.
440  0$aStudia semitica et orientalia,$vv.2
505 0 $aMuhammad's knowledge of the Old Testament, by Richard Bell.--A Christian Palestinian Syriac horologion, by Matthew Black.--William Hunter and his Arabic interest, by H. G. Farmer.--The legal fiction in Jewish law, by Solomon Goldman.--The Balaam-Balak songs and saga, by John Mauchline.--The Hurrians, by John Paterson.--The catalogue of the oriental mss. in the Library of the University of Glasgow, by James Robson.--Bibliography of the published writings of William Barron Stevenson (p. 138-140).
504   $aIncludes bibliographical references.
600 10$aStevenson, William Barron,$d1869-
650  0$aSemitic philology$xCollections.
600 10$aStevenson, William Barron,$d1869-1954.
650  0$aSemitic philology.
700 1 $aWeir, Cecil James Mullo,$d1897- ,$eed.
700 1 $aWeir, C. J. Mullo$q(Cecil James Mullo),$d1897-1995,$eeditor.
710 1 $aUniversity of Glasgow.$bOriental Society.
776 08$iOnline version:$tPresentation volume to William Barron Stevenson.$dGlasgow : Glasgow University Oriental Society, 1945$w(OCoLC)713403394
988   $a20020608
906   $0OCLC

