LEADER 01300cas a2200325I  4500
001 005000255-4
005 20020606095253.2
008 800807u19499999sp trzp       0   b0spa  
010   $a   61030774 
022   $a0210-7260
035 0 $aocm06593693
040   $aDLC$cGZM$dGZM$dMUL$dAIP$dNSD$dHLS
042   $ansdp
043   $ae-sp---
050 00$aDP402.S35$bE8
210 0 $aEstud. segov.
222  0$aEstudios segovianos
245 00$aEstudios segovianos.
260   $a[Segovia]$bInstituto Diego de Colmenares, Patronato José María Quadrado, Consejo Superior de Investigaciones Científicas.
300   $bill.$c25 cm.
362 0 $at. 1- (no. 1- ); 1949-
510 2 $aAmerica, history and life$x0002-7065$b1958-1959, 1968
510 2 $aHistorical abstracts. Part A. Modern history abstracts$x0363-2717$b1958-1959, 1968
510 2 $aHistorical abstracts. Part B. Twentieth century abstracts$x0363-2725$b1958-1959, 1968
515   $aSome no. published together.
550   $aIssued by Instituto Diego de Colmenares, Patronato José María Quadrado, Consejo Superior de Investigaciones Cientificas.
651  0$aSegovia (Spain)
710 2 $aConsejo Superior de Investigaciones Científicas (Spain).$bInstituto Diego de Colomenares, Segovia.
988   $a20020608
906   $0DLC

