LEADER 00733nam a2200217Ii 4500
001 005000256-2
005 20020606095253.2
008 800905s1978    ohu           000 0 eng d
035 0 $aocm06683044
040   $aOSU$cOSU$dHFL
100 1 $aGreen, Stephen,$d1918-
245 10$aStephen Greene, a decade of painting :$b[exhibition] Akron Art Institute, Ohio, May 7-June 18, 1978 /$cedited by Robert Doty with text by Dore Ashton.
260   $aAkron :$bAkron Art Institute,$cc1978.
300   $a[46] p. :$bcol. ill. ;$c20 cm.
504   $aBibliography: p. [46]
600 10$aGreen, Stephen,$d1918-$xExhibitions.
700 1 $aDoty, Robert M.
700 1 $aAshton, Dore.
710 2 $aAkron Art Institute.
988   $a20020608
906   $0OCLC

