LEADER 00772cam a2200229I  4500
001 005000257-0
005 20071015204748.0
008 800910s1906    gw a          000 0 ger  
010   $a   13005233 
035 0 $aocm06695336
040   $aDLC$cCLE$dOCL$dHFL
050   $aND588.D9$bH45
100 1 $aHeidrich, Ernst.
245 00$aGeschichte des Dürerschen Marienbildes,$cvon Ernst Heidrech; mit 26 abbildungen.
260   $aLeipzig,$bK. W. Hiersemann,$c1906.
300   $axiv p., 1 ℓ., 209 p.$billus.$c26 cm.
490 0 $aKunstgeschichtliche monographien, III
500   $aIssued in part as the author's inaugural dissertation, Berlin, 1905.
600 00$aMary,$cBlessed Virgin, Saint$vArt.
600 10$aDürer, Albrecht,$d1471-1528.
988   $a20020608
906   $0DLC

