LEADER 00605nam a2200217I  4500
001 005000258-9
005 20020606095253.2
008 800910s1959    gw f     b    000 0 ger c
010   $aa  60000110 
035 0 $aocm06695358
040   $aHarvard Univ. Library$cCLE$dHFL
100 1 $aHeidrich, Hans Carl.
245 14$aDie Welt der Maler und der Bilder.
260   $aStuttgart,$bUnion Verlag$c[1959]
300   $a269 p.$bplates (16 col.)$c24 cm.
504   $aBibliography: p. 253-256.
650  0$aPainting.
650  0$aArt$xStudy and teaching.
650  0$aArt dealers.
988   $a20020608
906   $0MH

