LEADER 00976nam a2200241I  4500
001 005000259-7
005 20090712194625.0
008 800911s1897    sw f          000 0 eng d
035 0 $aocm06699804
040   $aCOO$cCOO$dHMZ
043   $al------$aln-----
050  4$aQK934$b.C63
090   $aQK934$b.C63
100 1 $aCleve, P. T.$q(Per Teodor),$d1840-1905.
245 12$aA treatise on the phytoplankton of the Atlantic and its tributaries,$band on the periodical changes of the plankton of Skagerak.
260   $aUpsala,$bP. T. Cleve,$c1897.
300   $a27 p.$b4 plates, 15 tables on 20 l.$c38 cm.
500   $aEach plate has guard sheet with descriptive letterpress.
650  0$aPhytoplankton$zAtlantic Ocean.
650  0$aPhytoplankton$zNorth Sea.
776 08$iOnline version:$aCleve, P. T. (Per Teodor), 1840-1905.$tTreatise on the phytoplankton of the Atlantic and its tributaries.$dUpsala, P.T. Cleve, 1897$w(OCoLC)904068781
988   $a20020608
906   $0OCLC

