LEADER 00811nam a2200253   4500
001 005000260-0
005 20080627213700.0
008 800916s1952    vauab    b   f000 0 eng  
010   $a   53060528 
035 0 $aocm06719439
035 0 $aocm06719439$zocm06775077
040   $aDLC$cNCS$dHBS
050   $aHD9130.5$bF4
082   $a338.17371
110 2 $aFederal Reserve Bank of Richmond.$bResearch Department.
245 10$aFlue-cured tobacco;$ban economic survey.
260   $aRichmond$c[1952]
300   $axiii, 170 p.$billus., map.$c23 cm.
500   $aPrepared by Russell W. Bierman, agricultural economist, and Sada L. Clarke, research assistant.
504   $aBibliographical footnotes.
650  0$aTobacco industry.
650  0$aTobacco industry$zUnited States.
988   $a20020608
906   $0DLC

