LEADER 00769nam a2200229I  4500
001 005000261-9
005 20020606095253.2
008 800922s1966    sa b     b    000 0 ger  
010   $a   68131450 
015   $aGDB 67-A51-393
035 0 $aocm06741575
040   $aDLC$cCOO$dHLS
050 0 $aDT764.B2$bG5
100 1 $aGlashagen, Ulrich H.
245 10$aProbleme der räumlich getfrennten Einbeziehung der Bantu-Bevölkerung Südafrikas in den Wirtschaftsprozess des Landes.$c[Von] Ulrich H. Glashagen.
260   $aPretoria,$bVerlag Afrika-Post,$c1966.
300   $a237 p., 14 ℓ.,$bmap.$c24 cm.
490 0 $aAfrika-Bücher,$vBd. 4
504   $aBibliography: p. 233-237.
650  0$aBantu-speaking peoples$xEconomic conditions.
988   $a20020608
906   $0DLC

