LEADER 01570cam a2200301   4500
001 005000262-7
005 00000000000000.0
008 800923s1934    sz           i100 0 eng  
010   $a   35004676 
035 0 $aocm06745448
040   $aDLC$cERE$dHBS
050   $aSF998$b.L4 1934
060 00$aSF 998$bM495d 1934
082   $a614.9
111 2 $aMeeting of Delegates of Governments for the Examination of Three Draft Veterinary Conventions$d(1934 :$cGeneva, Switzerland)
245 10$aDraft conventions on veterinary questions.$bMeeting of delegates of governments for the examination of three draft conventions, held at Geneva, October 20th, 1934.
246 3 $aVeterinary questions, Draft conventions on
260   $a[Geneva]$c1934.
300   $a16 p.$c33 cm.
490 0 $aSeries of League of Nations publications. II. Economic and financial. 1934.II.B.2
500   $aAt head of title: <Communicated to the Council and the members of the League.> Official no.: C.511.M.230.1934.II.B. Geneva, November 23rd, 1934. League of Nations.
500   $aContains the texts of a "Declaration" signed by the delegates, and three draft conventions "as revised and completed" by them, at the above conference.
650  0$aLivestock$xInspection.
650  0$aStock inspection.
710 2 $aLeague of Nations.
776 08$iOnline version:$aMeeting of delegates of governments for the examination of three draft veterinary conventions (1934 : Geneva).$tDraft conventions on veterinary questions.$d[Geneva] 1934$w(OCoLC)551365391
988   $a20020608
906   $0DLC

