LEADER 00787cam a22002531i 4500
001 005000263-5
005 20020606095253.2
008 791005s1974    gw a     c    010 0bger  
010   $a   75585577 //r86
015   $aGFR74-B24
020   $c14.00M
035 0 $aocm06789065
040   $aDLC$cDLC$dHFL
050 0 $aNC251.H4$bF7
100 1 $aHegenbarth, Josef,$d1884-1962.
245 00$aJosef Hegenbarth :$bzum 90. Geburtstag : [Ausstellung], Staatl. Museum Schwerin, 5. Juli-25. Aug. 1974 /$c[Red., Manfred Franz].
260   $aSchwerin :$bStaatl. Museum,$c1974.
300   $a63 p. :$bchiefly ill. ;$c24 cm.
500   $aCatalog.
600 10$aHegenbarth, Josef,$d1884-1962.
700 1 $aFranz, Manfred.
710 2 $aStaatliches Museum Schwerin.
988   $a20020608
906   $0DLC

