LEADER 00743cas a2200241I  4500
001 005000264-3
005 20020606095253.2
008 801006d18511852ctuuu   a     0   a0fre d
035 0 $aocm06794697
040   $aCNO$cCNO$dOCL$dHLS
245 00$aÉtoile du Déseret.
260   $aParis,$bl'Eglise de Jésus-Christ des Saints-des-Derniers-Jours.
300   $a1 v.$c24 cm.
362 0 $aMai 1851-Avril 1852.
500   $aEdited by John Taylor.
650  0$aMormon Church$vPeriodicals.
650  0$aMormons$vPeriodicals.
700 1 $aTaylor, John,$d1808-1887,$eeditor.
710 2 $aChurch of Jesus Christ of Latter-Day Saints.
760 1 $tUtah and the Mormons
830  0$aUtah and the Mormons ;$vno. 1a.
988   $a20020608
906   $0OCLC

