LEADER 00639nam a2200193Ii 4500
001 005000265-1
005 20150429103138.0
008 801008s1934    it af    b    000 0 ita d
035 0 $aocm06800927
040   $aNOC$cNOC$dHFL
100 1 $aHermanin, Federico,$d1868-1953.
245 12$aL'Appartamento Borgia in Vaticano /$cFederico Hermanin.
260   $aRoma :$bDanesi,$c1934.
300   $a102, [1] p., 46 leaves of plates :$bill. ;$c28 cm.
490 0 $aMonografie artistiche dei musei e gallerie pontificie
504   $aBibliography: p. [103].
650  0$aAppartamento Borgia (Vatican Palace, Vatican City)
988   $a20020608
906   $0OCLC

