LEADER 00872cam a22002051  4500
001 005000266-X
005 20090712194625.0
008 800915s1951    cc a          000 0 eng  
010   $a   55025630 /L/r862
035 0 $aocm06813438
040   $aDLC$cDLC$dHHG
050 0 $aJQ1519.A5$bC75
245 04$aThe Communist Party, leader of the Chinese revolution.
260   $aPeking,$bForeign Languages Press,$c1951.
300   $a41 p.$billus.$c21 cm.
505 0 $aAddress on the 30th anniversary of the Communist Party of China, by Liu Shao-chi.--World significance of the Chinese Revolution, by Lu Ting-yi.--Communist Party of China and People's Democratic United Front, by Li Wei-han.--Close contact with masses is glorious tradition of our party, by Teng Hsiao-ping.
610 20$aZhongguo gong chan dang.
700 1 $aLiu, Shaoqi,$d1898-1969.
988   $a20020608
906   $0DLC

