LEADER 00587cam a2200193I  4500
001 005000267-8
005 20020606095253.2
008 801017s1953    au j          000 0 ger d
035 0 $aocm06836156
040   $aCOO$cCOO$dOCL$dHLS
090   $aCS553$b.G51
100 1 $aGiovanelli, Enrico,$cconte.
245 14$aDie Herren von Kronmetz.$cGedruckt mit Unterstützung durch die Tiroler Adelsmatrikel.
260   $aInnsbruck,$bWagner,$c1953.
300   $a44 p.$bgeneal. table.$c24 cm.
440  0$aSchlern-Schriften,$v102
650  0$aNobility$zAustria$zTyrol.
988   $a20020608
906   $0OCLC

