LEADER 00806nam a2200241I  4500
001 005000268-6
005 20040211102147.0
008 801020s1954    it       b    000 0bita c
010   $aa  55002453 
035 0 $aocm06840171
040   $aRETROCON/NYGG (Harvard Univ. Library)$cCOO$dHLS
050  4$aBX1256$b.F94
090   $aBX1256$b.F94
100 1 $aFrugoni, Arsenio.
245 00$aArnaldo da Brescia nelle fonti del secolo XII.
260   $aRoma,$bNella sede dell'Istituto,$c1954.
300   $ax, 198 p.$c25 cm.
490 1 $aIstituto storico italiano per il Medio Evo. Studi storici,$vfasc. 8-9
504   $aBibliographical footnotes.
600 00$aArnaldo da Brescia,$d-1155.
830  0$aStudi storici (Istituto storico italiano per il Medio Evo) ;$vfasc. 8-9.
988   $a20020608
906   $0OCLC

