LEADER 00666cas a2200229I  4500
001 005000269-4
005 20020606095253.2
008 801024d19591959enkqr p       0   a0eng d
022   $a0423-5355
035 0 $aocm06857570
040   $aIUL$cIUL$dHLS
082 2 $a780$a398
090   $aGR140$b.E83
245 00$aEthnic;$ba quarterly survey of English folk music, dance & drama.
260   $a[London,$b[s.n.]
300   $a1 v.$bill.$c25 cm.
362 0 $av. 1, no. 1-4; Jan.-autumn 1959.
650  0$aFolk songs, English$vPeriodicals.
650  0$aFolk dancing, English$vPeriodicals.
650  0$aFolk drama, English$vPeriodicals.
988   $a20020608
906   $0OCLC

