LEADER 00719nas a2200241I  4500
001 005000270-8
005 20020606095253.2
008 801024c19669999bl uu         0   b0por  
010   $a   67088042 //r
035 0 $aocm06858593
040   $aDLC$cKEU$dHLS
050 0 $aHC187$b.E87
082   $a330.981
245 00$aEstudos econômicos brasileiros.
260   $a[Rio de Janeiro,$c1966?-
300   $av.$c26 cm.
490 0 $aSeleções APEC, no. 1-
515   $aVol. 1: Articles previously published in the Revista econm̂ica do Jornal do Brasil.
515   $aCeased with no. 8?
651  0$aBrazil$xEconomic conditions$y1945-
710 2 $aA.P.E.C. Editoria s.a., Rio de Janeiro.
988   $a20020608
906   $0DLC

