LEADER 00626nam a2200205Ii 4500
001 005000271-6
005 20020606095253.2
008 801029s1931    fr af    b    000 0 fre d
035 0 $aocm06874853
040   $aNDD$cNDD$dHLS
100 1 $aGirard, Joseph,$d1885-
245 12$aL'art de la Provence /$bpar Joseph Girard.
260   $aParis :$bE. de Boccard, editeur,$c[1931?]
300   $a69 p., 12 leaves of plates :$bill. ;$c27 cm.
440  4$aLes arts français
504   $aBibliography: p. 67-69.
650  0$aArt, French$zFrance$zProvence.
650  0$aDecorative arts$zFrance$zProvence.
988   $a20020608
906   $0OCLC

