LEADER 01089naa a2200265I  4500
001 005000272-4
005 20020606095253.2
008 801029s1919    dcuadf       f000 0 eng c
010   $af  19000040 
035 0 $aocm06878179
040   $aU.S. Bur. of Fish. Library$cSUC$dSUC$dHMZ
050   $aSH379.U5$bC63
100 1 $aCoker, R. E.$q(Robert Ervin),$d1876-1967.
245 00$aFresh-water mussels and mussel industries of the United States.$cBy Robert E. Coker.
260   $aWashington,$bGovt. print. off.,$c1919.
300   $ap. 13-89.$billus., XLVI pl. (1 col.) fold. chart.$c28 cm.
440  0$aBureau of Fisheries document ;$vno. 865
500   $aPlates printed on both sides.
650  0$aMussels.
650  0$aPearl button industry.
650  0$aFreshwater mussels.
773 0 $tBull. U.S. Bur. Fish.$g1917-1918(1919). 36. 13-89. pl. 1-46. & map.
776 08$iOnline version:$aCoker, R.E. (Robert Ervin), 1876-1967.$tFresh-water mussels and mussel industries of the United States.$dWashington, Govt. print. off., 1919$w(OCoLC)760109457
988   $a20020608
906   $0OCLC

