LEADER 01318naa a2200313I  4500
001 005000273-2
005 20020606095253.2
008 801029s1921    dcuaf    b   f000 0 eng c
010   $af  21000069 
035 0 $aocm06878193
040   $aU.S. Bur. of Fish. Library$cSUC$dSUC$dHMZ
050   $aSH378$b.C58
100 1 $aCoker, R. E.$q(Robert Ervin),$d1876-1967.
245 10$aNatural history and propagation of fresh-water mussels.$cBy R. E. Coker, A. F. Shira, H. W. Clark, and A. D. Howard.
260   $aWashington,$bGovt. Print. Off.,$c1921.
300   $ap. 77-181.$bplates, tables.$c28 cm.
490 1 $aUnited States. Bureau of Fisheries. Doc. 895
504   $aBibliography: p. 177-181.
650  0$aFreshwater mussels.
700 1 $aShira, Austin F.
700 1 $aClark, H. Walton$q(Howard Walton),$d1870-1941.
700 1 $aHoward, Arthur Day,$d1874-
773 0 $tBull. U.S. Bur. Fisheries.$g1921. 37. 77-181. pl. 5-21.
700 1 $aShira, A. F.$q(Austin F.),$d1888-1966.
700 1 $aHoward, A. D.$q(Arthur Day),$d1874-
776 08$iOnline version:$aCoker, R. E. (Robert Ervin), 1876-1967.$tNatural history and propagation of fresh-water mussels.$dWashington, Govt. Print. Off., 1921$w(OCoLC)903925215
830  0$aBureau of Fisheries document ;$vno. 895.
988   $a20020608
906   $0OCLC

