LEADER 00489nam a2200181K  4500
001 005000274-0
005 20020606095253.2
008 801030r1868    cs            000 0 ger d
035 0 $aocm06879857
040   $aCLE$cCLE$dHLS
100 1 $aGindely, Antonín,$d1829-1892.
245 00$aRudolf II and seine Zeit, 1600-1612.
260   $aPrag,$bF. Tempsky,$c1868.
300   $a2 v. in 1.
500   $aVol. 1. is "2er durchgesehener Abdruck".
600 04$aRudolf II.
988   $a20020608
906   $0OCLC

