LEADER 00501nam a2200169K  4500
001 005000275-9
005 20071015204748.0
008 801030s1894    gw            000 0 ger d
035 0 $aocm06879996
040   $aCLE$cCLE$dHLS
100 1 $aGindely, Antonín,$d1829-1892.
245 10$aGeschichte der gegenreformation in Böhmen; ... /$chrsg. von Theodor Tupetz.
260   $aLeipzig :$bDuncker & Humblot,$c1894.
300   $axi, 532 p.
700 1 $aTupetz, Theodor,$d1852-$eed.
988   $a20020608
906   $0OCLC

