LEADER 00723nam a2200241   4500
001 005000276-7
005 00000000000000.0
008 801106s1960    enka     b    000 0 eng  
010   $a   63039996 /L
015   $aGB61-26
035 0 $aocm06908179
040   $aDLC$cLUU$dUKM$dHBS
043   $ae-uk---
050 0 $aHG2051.G7$bM6
082 04$a334.6830941$218
100 1 $aMorgan, William,$d1918-
245 10$aSurvey of capital and credit in agricultual co-operative societies in Great Britain.
260   $aOxford,$bB. Blackwell,$c1960.
300   $a143 p.$billus.$c22 cm.
504   $aIncludes bibliography.
650  0$aAgricultural cooperative credit associations$zGreat Britain.
988   $a20020608
906   $0DLC

