LEADER 00724cam a2200205   4500
001 005000277-5
005 20020128133722.0
008 801108s1960    gw a          000 0 ger d
035 0 $aocm06913361
040   $aCOO$cCOO$dHBS
090   $aHD5029$b.K96
100 1 $aKuehnemund, Richard,$d1895-
245 10$aPlanung und Kontrolle des Arbeitslohnes in der sozialistischen Industrie.
260   $aBerlin,$bVerlag die Wirtschaft$c[1960]
300   $a103 p., 13 l.$btables.$c22 cm.
490 0 $aSchriftenreihe des Instituts für Arbeitsökonomik und Arbeitsschutzforschung Dresden, Reihe Arbeitsökonomik,$vHeft 17
650  0$aWages$zGermany (East)
651  0$aGermany (East)$xEconomic policy.
988   $a20020608
906   $0OCLC

