LEADER 00491nam a2200169K  4500
001 005000278-3
005 20020606095253.2
008 801110s1925    sp            000 0 spa d
035 0 $aocm06922328
040   $aCLE$cCLE$dHLS
100 2 $aGiner de los Ríos, Francisco,$d1839-1915.
245 00$aEducación y enseñanza.
260   $aMadrid$b[Impr. de Julio Cosano]$c1925.
300   $a308, [1] p.
490 0 $aObras completas de D. Francisco Giner de los Ríos. XII
988   $a20020608
906   $0OCLC

