LEADER 00500nam a2200169K  4500
001 005000279-1
005 20020606095253.2
008 801110s1920    sp            000 0 spa d
035 0 $aocm06922353
040   $aCLE$cCLE$dHLS
100 2 $aGiner de los Ríos, Francisco,$d1839-1915.
245 00$aLecciones sumarias de psicología.
260   $aMadrid$b[Imprenta Clásica Espaõla]$c1920.
300   $a274 p.
490 0 $aObras completas de D. Francisco Giner de los Ríos. IV
988   $a20020608
906   $0OCLC

