LEADER 00526nam a2200169K  4500
001 005000280-5
005 20020606095253.2
008 801110s1925    sp            000 0 spa d
035 0 $aocm06922367
040   $aCLE$cCLE$dHLS
100 2 $aGiner de los Ríos, Francisco,$d1839-1915.
245 00$aFilosofía y sociología;$bestudios de exposición y de critíca.
260   $aMadrid$b[Impr. de Julio Cosano]$c1925.
300   $a300 p.
490 0 $aObras completas de D. Francisco Giner de los Ríos. XI
988   $a20020608
906   $0OCLC

