LEADER 01080nam a2200289I  4500
001 005000281-3
005 20110317093904.0
008 801111s1959    nyua          000 0 spa  
010   $a   60001262 /L
035 0 $aocm06924277
040   $aDLC$cCLE$dCNE$dHLS
043   $ae-sp---
050 0 $aDP68$b.G54
100 2 $aGiner de los Ríos, Gloria.
245 00$aIntroducción a la historia de la civilización española$c[por] Gloria Giner de los Ríos y Laura de los Ríos de García Lorca.
260   $aNew York,$bLas Americas Pub. Co.,$c1959.
300   $a256 p.$billus.$c22 cm.
651  0$aSpain$xCivilization$xHistory.
651  0$aSpain$xHistory.
651  7$aEspaña$xCivilización.$2bidex
651  0$aSpain$xCivilization.
655  7$aHistory.$2fast
700 1 $aGarcía-Lorca, Laura.
700 1 $aDe los Ríos de García Lorca, Laura,$eauthor.
776 08$iOnline version:$aGiner de los Ríos, Gloria.$tIntroducción a la historia de la civilización española.$dNew York, Las Americas Pub. Co., 1959$w(OCoLC)762355657
988   $a20020608
906   $0DLC

