LEADER 00787nam a22002057a 4500
001 005000282-1
005 00000000000000.0
008 801114s1905    sp a     b    000 0 spa d
035 0 $aocm06939362
040   $aCLE$cCLE$dHBS$dHMM
100 1 $aRodríguez-Navas y Carrasco, Manuel,$d1848-1922.
245 13$aEl tabaco :$bsu cultivo, producción y comercio /$cpor el doctor M. Rodríguez-Navas.
260   $aMadrid :$bBailly-Bailliere e hijos,$c1905.
300   $a164 p. :$bill. ;$c18 cm.
504   $aObras de consulta: p. 17.
650  0$aTobacco.
830  0$aHarvard social history/business preservation microfilm project.$nProject 3 ;$v30095.$5mmf
830  0$aHarvard social history/business preservation microfilm project.$nProject 3 ;$v30095.$5mmf
988   $a20020608
906   $0OCLC

