LEADER 01187cam a2200301Ia 4500
001 005000283-X
005 20020606095253.2
008 801119s1822    enkaf         000 p eng d
035 0 $aocm06953917
040   $aCIN$cCIN$dIUL$dHHG
050  4$aPR4782.H5$bC7 1822
090   $aPR4782.H5$bC7 1822
100 1 $aHempel, Charles William,$d1777-1855.
245 14$aThe commercial tourist, or, Gentleman traveller :$ba satirical poem, in four cantos : embellished with colored engravings.
246 3 $aGentleman traveller
250   $aThe second edition, greatly enlarged.
260   $aLondon :$bSold by G. and W.B. Whittaker ...,$c1822.
300   $a[4], 140 p., [5] leaves of plates :$bcol. ill. ;$c22 cm.
500   $aAuthorship attribution from DNB 9:387.
500   $aFirst appearance of the engravings by Robert Cruikshank.
510 4 $aRosenbach, A.S.W. Widener cat.,$c225
650  0$aTraveling sales personnel$vHumor.
700 1 $aCruikshank, Robert,$d1789-1856,$eill.
700 1 $aBement, Clarence S.$q(Clarence Sweet),$d1843-1923,$eformer owner.$5hou
752   $aEngland$dLondon.
700 1 $aCruikshank, Robert,$d1789-1856.
988   $a20020608
906   $0OCLC

