LEADER 01246cam a22002891  4500
001 005000284-8
005 20020606095253.2
008 710404s1968    dcu           000 0 eng  
010   $a   68062828 
035 0 $aocm06961378
035 0 $aocm00453785
040   $aDLC$cDLC$dHLS
043   $an-us---
050 0 $aKF6055.A25 1968
082   $a331.1/15/0973
082   $a331.1/379/73
110 1 $aUnited States.$bCongress.$bSenate.$bCommittee on Labor and Public Welfare.$bSubcommittee on Employment, Manpower, and Poverty.
245 10$aEmployment and training legislation, 1968;$bbackground information.
260   $aWashington,$bU.S. Govt. Print. Off.,$c1968.
300   $aiii, 406 p.$c24 cm.
504   $aIncludes bibliographical references.
650  0$aEconomic assistance, Domestic$xLaw and legislation$zUnited States.
650  0$aVocational education$xLaw and legislation$zUnited States.
650  0$aLabor supply$zUnited States.
776 08$iOnline version:$aUnited States. Congress. Senate. Committee on Labor and Public Welfare. Subcommittee on Employment, Manpower, and Poverty.$tEmployment and training legislation, 1968.$dWashington : U.S. Govt. Print. Off., 1968$w(OCoLC)899958536
988   $a20020608
906   $0DLC

