LEADER 00777nam a2200205   4500
001 005000285-6
005 00000000000000.0
008 801122s1865    enkf          000 0 eng  
010   $a   15011935 
035 0 $aocm06967063
040   $aDLC$cCOO$dHBS
050 0 $aSB107$b.A7 1865
100 1 $aArcher, Thomas Croxen,$d1817-1885.
245 10$aProfitable plants;$ba description of the principal articles of vegetable origin used for food, clothing, tanning, dyeing, building, medicine, perfumery, etc.$cBy Thomas Croxen Archer.
260   $aLondon,$bG. Routledge and Sons$c[1865]
300   $axv, 359 p.$bXX col. pl. (incl. front.)$c17 x 14 cm.
500   $aFirst pub. in 1853 under title: Popular economic botany.
650  0$aBotany, Economic.
988   $a20020608
906   $0DLC

