LEADER 00642nam a2200205K  4500
001 005000286-4
005 20101005110034.0
008 801124s1928    fr a     b    000 0 fre d
035 0 $aocm06968832
040   $aCLE$cCLE$dHVL
100 1 $aSöderman, Harry,$d1902-1956.
245 12$aL'expertise des armes à feu courtes /$cpar Harry Söderman, avec une préface de Edmond Locard.
260   $aLyon,$bJ. Desvigne et ses fils,$c1928.
300   $avii, 166 p. :$bill. ;$c25 cm.
504   $aBibliographie: p. 159-164.
650  0$aFirearms.
650  0$aCriminology$zFrance.
650  0$aEvidence (Law)$zFrance.
988   $a20020608
906   $0OCLC

