LEADER 00700cam a2200193I  4500
001 005000287-2
005 20020606095253.2
008 801124s1842    sz            000 0 fre d
035 0 $aocm06970747
040   $aRETROCON/NYGG (COO)$cCOO$dHLS
090   $aDQ3$b.S67 v.1
100 2 $aGingins-La Sarraz, Frédéric Charles Jean de,$cBaron,$d1790-1863.
245 00$aAnnales de l'abbaye du Lac-de-Joux depuis sa fondation jusqu'à sa suppression en 1536.
260   $aLausanne,$bM. Ducloux,$c1842.
300   $a509 p.$c22 cm.
410 20$aSociété d'histoire de la Suisse romande Lausanne.$tMémoires et documents$v[t.1, pt.2]
610 20$aLac-de-Joux, Switzerland (Abbey)
988   $a20020608
906   $0OCLC

