LEADER 00869nam a2200205I  4500
001 005000288-0
005 20020606095253.2
008 801124s1843    sz f          000 0 fre c
010   $aa  23000695 
035 0 $aocm06971429
040   $aRETROCON/NYGG (Univ. of Chicago)$cCOO$dHLS
050 0 $aDQ3$b.S6 vol.3
100 2 $aGingins-La Sarraz, Frédéric Charles Jean de,$cBaron,$d1790-1863.
245 00$aNotice sur un monument sépulcral di XIVme siècle,$bdécouvert à Romainmotier.$cLue à la Société historique de la Suisse romande ... 1837. Par M. Fréderic de Gingins-La Sarraz.
260   $aLausanne,$bM. Ducloux,$c1843.
300   $a[385]-405, [1] p. 2 pl.$c22 cm.
490 0 $aMémoires et documens [!] pub. par la Société d'histoire de la Suisse romande. [t.] III [2. livr.]
650  0$aSepulchral monuments$zSwitzerland.
988   $a20020608
906   $0OCLC

