LEADER 00739nam a2200205K  4500
001 005000289-9
005 20100420171143.0
008 801125s1886    fr            000 0 fre d
035 0 $aocm06972711
040   $aCLE$cCLE$dHLS
100 1 $aGagnière, A.$q(Albert)
245 03$aLa reine Marie-Caroline de Naples,$bd'apres des documents nouveaux.
260   $aParis,$bP. Ollendorff,$c1886.
300   $aiii, 327 p.
500   $aHalf-title: La reine Marie-Caroline de Naples, Lady Hamilton et Nelson.
600 10$aHamilton, Emma,$cLady,$d1761?-1815.
600 00$aMaria Carolina,$cQueen, consort of Ferdinand I, King of the Two Sicilies,$d1752-1814.
600 10$aNelson, Horatio Nelson,$cViscount,$d1758-1805.
988   $a20020608
906   $0OCLC

