LEADER 00669cam a2200205I  4500
001 005000290-2
005 20020606095253.2
008 801125s1895    qucae         000 0 fre  
010   $a   01016930 //r45
035 0 $aocm06972902
040   $aDLC$cCLE$dHLS
050   $aF1054.5.Q3$bG125
100 1 $aGagnon, Ernest,$d1834-1915.
245 03$aLe fort et le château Saint-Louis (Québec)$bÉtude archéologique et historique,$cpar Ernest Gagnon.
260   $aQuébec,$bTypographie L. Brousseau,$c1895.
300   $a3 p. ℓ., 376 p.$billus. (incl. plans)$c19 cm.
651  0$aFort St. Louis, Que.
651  0$aQuébec (Québec)$xHistory.
988   $a20020608
906   $0DLC

