LEADER 02080nam a2200301I  4500
001 005000291-0
005 20020606095253.2
008 801125s1865    sz a          000 0 fre  
010   $a   05035910 
035 0 $aocm06976334
040   $aDLC$cCOO$dHLS
043   $ae-sz---
050 0 $aDQ3$b.S6
100 2 $aGingins-La Sarraz, Frédéric Charles Jean de,$cBaron,$d1790-1863.
245 00$aHistoire de la cité et du canton des Équestres,$bsuivie de divers autres opuscules$cpar F. de Gingins-La-Sarra.
260   $aLausanne,$bG. Bridel,$c1865.
300   $axi, 501 p.$bincl tables.$c22 cm.
490 0 $aMémoires et documents pub. par la Société d'histoire de la Suisse romande,$vt. xx
500   $aEdited by Édouard Sécretan.
505 0 $aHistoire de la cité et du canton des Équestres.--Tableau historique et généalogique des sires de Gex.--Chartes relatives au fief de l'archevêque de Besançon sur la ville de Nyon.--Mémoire sur l'origine de la maison de Savoie.--Note sur l'origine de la maison de Blonay.--Note sur Guy de Faucigny, évêque de Genève, et sur sa parenté.--Essay historique sur la souveraineté du Lyonnais.--Les trois Burchard, archevêques de Lyon au Xe et XIe siècle.--Essai sur la division et l'administration du Lyonnais.--Note sur une charte de Saint-Maurice.--Sur un nouveau comté de la Bourgogne allemanique.--Sur l'année de la mort de Rodolphe Ier.--Sur les alliances matrimoniales des comtes de Genevois.--La Trêve de Dieu dans la Transjurane.--Notice sur l'histoire des comtes de Biandrate.--Recherches sur la donation faite au monastère de Fruttuaria, par Otton-Guillaume.
651  0$aNyon (Switzerland)$xHistory.
651  0$aSwitzerland$xHistory.
655  7$aHistory.$2fast
700 1 $aSecrétan, Edouard,$d1848-1917,$eed.
700 1 $aSecrétan, Edouard,$d1848-1917,$eeditor.
776 08$iOnline version:$aGingins-La Sarraz, Frédéric Charles Jean de, Baron, 1790-1863.$tHistoire de la cité et du canton des Équestres.$dLausanne, G. Bridel, 1865$w(OCoLC)603528048
988   $a20020608
906   $0DLC

