LEADER 00832nam a2200181K  4500
001 005000292-9
005 20020606095253.2
008 801125s1857    sz a          000 0 fre d
035 0 $aocm06976431
040   $aRETROCON/NYGG (COO)$cCOO$dHLS
090   $aDQ3$b.S67 v.14
100 2 $aGingins-La Sarraz, Frédéric Charles Jean de,$cBaron,$d1790-1863.
245 00$aRecherches historiques sur les acquisitions des sires de Montfaucon et de la maison de Chalons dans le Pays-de-Vaud,$bprécédées d'une introd. avec un plan et suivies de pièces justificatives et de huit tableaux généalogiques de la maison de Montfaucon.
260   $aLausanne,$bG. Bridel,$c1857.
300   $aliii, 410 p.$billus.$c22 cm.
490 0 $aMémoires et documents pub. par la Société d'histoire de la Suisse romande,$vt. 14
988   $a20020608
906   $0OCLC

