LEADER 00680nam a22002411  4500
001 005000293-7
005 20020606095253.2
008 800903s1970    it       b    000 0bita  
010   $a   75597728 
015   $aIt71-Feb
035 0 $aocm06983491
040   $aDLC$cDLC$dHLS
050 0 $aB2949.H5$bD4
100 1 $aDe Giovanni, Biagio.
245 10$aHegel e il tempo storico della società borghese.
260   $aBari,$bDe Donato,$c1970.
300   $a208 p.$c21 cm.
490 0 $aIdeologia e società
504   $aIncludes bibliographical references.
600 10$aHegel, Georg Wilhelm Friedrich,$d1770-1831.
650  0$aHistory$xPhilosophy.
988   $a20020608
906   $0DLC

