LEADER 00781cam a2200241   4500
001 005000294-5
005 20090628180921.0
008 801202s1960    gr            000 0 eng d
035 0 $aocm06991348
040   $aKSW$cKSW$dOCL$dHBS
090   $aHC59$b.Z65
100 1 $aZolōtas, Xenophōn Euthymiou,$d1904-2004.
245 10$aEconomic development and technical education.
260   $aAthens,$c1960.
300   $a60 p.$c23 cm.
490 1 $aBank of Greece. Papers and lectures,$v4
500   $aTranslation of the main parts of a paper presented to the Academy of Athens, December 3, 1959.
650  0$aTechnical education$zGreece.
650  0$aEconomic development.
710 2 $aTrapeza tēs Hellados.
830  0$aPapers and lectures ;$v4.
988   $a20020608
906   $0OCLC

