LEADER 00994nam a2200277I  4500
001 005000295-3
005 20110204190028.0
008 801205s1951    dcuaf    b   f001 0 eng c
010   $ags 52000121 
035 0 $aocm07003545
040   $aU.S. Geol. Survey. Libr.$cERE$dHMZ
043   $an-us---
050   $aQE75$b.P9 no. 239
082   $a564.53
100 1 $aCobban, William Aubrey,$d1916-
245 10$aScaphitoid cephalopods of the Colorado group.$bEvolution of Scaphites and related genera, with descriptions and illustrations of new species and a new genus from western interior United States.
260   $aWashington,$bU.S. Govt. Print. Off.,$c1951.
300   $aiii, 42 p.$billus., 21 plates.$c29 cm.
490 1 $aGeological Survey professional paper ;$v239
504   $a"References": p. 39.
650  0$aAmmonoidea.
650  0$aScaphites.
650  0$aPaleontology$yCretaceous.
830  0$aGeological Survey professional paper ;$v239.
988   $a20020608
906   $0OCLC

