LEADER 00764nam a2200241Ii 4500
001 005000296-1
005 20020606095253.2
008 801208s1852    fr c          000 0 fre d
035 0 $aocm07010733
040   $aKKU$cKKU$dHLS
043   $ae-fr---
050  4$aHJ2655$b.G4 1852
090   $aHJ2655$b.G4 1852
100 1 $aGirardin, Emile de,$d1806-1881.
245 12$aL'impot /$cpar Émile de Girardin.
250   $a6. éd.
260   $aParis :$bLibrairie nouvelle,$c1852.
300   $a434, 4, [2] p., [1] leaf of plates :$bport. ;$c23 cm.
650  0$aTaxation$zFrance.
650  0$aTaxation.
776 08$iOnline version:$aGirardin, Emile de, 1806-1881.$tImpot.$b6. éd.$dParis : Librairie nouvelle, 1852$w(OCoLC)793694681
988   $a20020608
906   $0OCLC

