LEADER 00672nam a2200217I  4500
001 005000297-X
005 20020606095253.2
008 801210s1955    fr       b    000 0 fre c
010   $aa  56001059 
035 0 $aocm07019715
040   $aIllinois. Univ. Library$cCLE$dHLS
100 1 $aGirardeau, Émile Fernand Eugène,$d1882-
245 13$aLe progrès technique et la personnalité humaine.$cPréf. de André Siegfried.
260   $aParis,$bPlon$c[1955]
300   $avii, 336 p.$c20 cm.
504   $aBibliography: p. 325-333.
650  0$aTechnology and civilization.
650  0$aTechnology$xPhilosophy.
650  0$aSocial problems.
988   $a20020608
906   $0OCLC

