LEADER 00677nam a2200217I  4500
001 005000298-8
005 20020606095253.2
008 801210s1925    fr            000 0 fre  
010   $a   44016947 
035 0 $aocm07020137
040   $aDLC$cIXA$dHVL
050 0 $aHQ767$b.R3
100 1 $aRaiter, Michel M.
245 10$aAvortement criminel et dépopulation;$bexamen de la Loi de correctionnalisation (étude de sociologie criminelle) ...
250   $a2. éd., avec une préface de me. Maurice Garçon.
260   $aParis,$bDalloz,$c1925.
300   $a228 p.$c24 cm.
504   $a"Bibliographie": p. [223]-224.
650  0$aAbortion$zFrance.
988   $a20020608
906   $0DLC

