LEADER 00593cam a2200205I  4500
001 005000299-6
005 20020606095253.2
008 801230s1960    fr f          000 0bfre c
010   $aa  61002418 
035 0 $aocm07038908
040   $aHarvard Univ. Library$cCLE$dSER$dHFL
100 1 $aLanskoy, André,$d1902-1976.
245 00$aAndré Lanskoy$c[par] Jean Grenier.
260   $a[Paris]$bF. Hazan$c[1960]
300   $a[12] p.$b12 col. plates.$c36 cm.
490 0 $aPeintres d'aujourd'hui
500   $aIssued in portfolio.
700 1 $aGrenier, Jean,$d1898-1971.
988   $a20020608
906   $0MH

