LEADER 00682cam a2200241 a 4500
001 005000300-3
005 00000000000000.0
008 801230s1925    maua     b    000 0 eng d
035 0 $aocm07041270
040   $aVXG$cVXG$dIXA$dHBS$dHMM
090   $aSB379.B2$bR49 1925
100 1 $aReynolds, Philip Keep.
245 14$aThe story of the banana.
250   $a3rd rev. ed.
260   $aBoston :$bUnited Fruit Co.,$c1925.
300   $a53 p :$bill. ;$c24 cm.
504   $aBibliography: p. 48-49.
500   $a"Compiled and edited by Philip K. Reynolds."
610 20$aUnited Fruit Company.
650  0$aBananas.
710 2 $aUnited Fruit Company.
988   $a20020608
906   $0OCLC

