LEADER 00663nam a2200241I  4500
001 005000301-1
005 20020606095253.2
008 810107s1969    it       b    000 0 ita  
010   $a   70439016 
015   $aIt69-Feb
035 0 $aocm07049528
040   $aDLC$cBXM$dBXM$dHLS
050 0 $aBR128.A8$bG48
100 1 $aGirardi, Giulio,$d1926-
245 10$aCredenti e non credenti per un mondo nuovo.
260   $aFirenze,$bVallecchi,$c[1969.]
300   $a284 p.$c22 cm.
490 0 $aMezzo secolo,$v23
504   $aBibliography: p. [277]-278.
650  0$aChristianity and atheism.
650  0$aSecularization (Theology)
988   $a20020608
906   $0DLC

