LEADER 00633nam a2200193K  4500
001 005000302-X
005 20020606095253.2
008 810120s1969    gw ab         000 0 ger d
035 0 $aocm07071932
040   $aRETROCON/NYGG (COO)$cCOO$dHLS
090   $aHD9539.T5$bG57
100 1 $aGocht, Werner.
245 04$aDer metallische Rohstoff Zinn;$bProduktion und Marktverhältnisse auf dem Weltmarkt.
260   $aBerlin,$bDuncker & Humblot$c[1969]
300   $a260 p.$billus., maps (part fold.)$c24 cm.
440  0$aVolkswirtschaftliche Schriften,$vHeft 131
502   $aDiss.--Freie Universität, Berlin.
988   $a20020608
906   $0OCLC

