LEADER 00627nam a2200193I  4500
001 005000303-8
005 20020606095253.2
008 810122s1897    fr a    a     000 0 fre  
010   $af  01002169 
035 0 $aocm07077603
040   $aDLC$cCLE$dHLS
050   $aDS421$b.G57
100 2 $aGoblet d'Alviella, Eugène,$ccomte,$d1846-1925.
245 10$aCe que l'Inde doit Pa la Grèce;$bdes influences classiques dans la civilisation de l'Inde,$cpar le comte Goblet d'Alviella ...
260   $aParis,$bE. Leroux,$c1897.
300   $avi, [3], 200 p.$billus.$c22 cm.
651  0$aIndia$xCivilization.
988   $a20020608
906   $0DLC

