LEADER 00570nam a2200181I  4500
001 005000304-6
005 20020606095253.2
008 810126s1962    sz            000 0 ger d
035 0 $aocm07084429
040   $aRETROCON/NYGG (ZYU)$cZYU$dHFL
100 1 $aGregorovius, Ferdinand,$d1821-1891.
245 00$aGeschichte der Stadt Athen im Mittelalter von der Zeit Justinians bis zur türkischen Eroberung.
260   $aBasel,$bB. Schwabe$c[1962]
300   $a2 v.$c22 cm.
500   $a4. unveränderte Aufl.
651  0$aAthens (Greece)$xHistory.
988   $a20020608
906   $0OCLC

