LEADER 00672cam a2200181K  4500
001 005000305-4
005 20020606095253.2
008 810127s1894    it            000 0 ita d
035 0 $aocm07085867
040   $aCLE$cCLE$dOCL$dHLS
100 1 $aGiovagnoli, Raffaele.
245 10$aCiceruacchio e Don Pirlone,$bricordi storici della rivoluzione romana dal 1846 al 1849 con documenti nuovi.
260   $aRoma,$bForzani,$c1894.
300   $a562, [1] p.
500   $aA second volume, dealing with the Roman revolution of 1848-49 and the caricatures from "Don Pirlone" was announced but was never published.
600 10$aBrunetti, Angelo,$d1800-1849.
988   $a20020608
906   $0OCLC

