LEADER 00531cam a2200181K  4500
001 005000306-2
005 20020606095253.2
008 810127m18981911it c          000 0dita d
035 0 $aocm07085878
040   $aCLE$cCLE$dOCL$dHLS
100 1 $aGiovagnoli, Raffaele.
245 10$aPellegrino Rossi e la rivoluzione romana sua documenti nuovi.
260   $aRoma,$bForzani e C.,$c1898-1911.
300   $a3 v.$bfront. (port.)
500   $aOn cover of v. 1: 2a ed.
600 10$aRossi, Pellegrino,$d1787-1848.
988   $a20020608
906   $0OCLC

