LEADER 00520nam a2200181K  4500
001 005000307-0
005 20020606095253.2
008 810127s1887    it            000 0 ita d
035 0 $aocm07085886
040   $aCLE$cCLE$dHLS
100 1 $aGiovagnoli, Raffaele.
245 10$aLeggende romane.$bPapa Lambertini ... Padre Fontanarosa ...
260   $aRoma,$bE. Perino,$c1887.
300   $a144 p.
600 00$aBendict$bXIV,$cPope,$d1675-1758.
600 10$aFontanarosa, Michele Avisati da,$cpadre.
988   $a20020608
906   $0OCLC

