LEADER 00970nam a2200277K  4500
001 005000308-9
005 20020606095253.2
008 810130s1500    it            000 0 lat d
035 0 $aocm07093644
040   $aCLE$cCLE$dHHG
130 0 $aConiuratio malignorum spirituum.
245 10$aConiuratio malignorū spirituū in corporibus hominū existentium:$cprout fit in sancto Petro.
260   $a[Rome,$bEucharius Silber,$cca. 1500]
300   $a8 leaves ;$c14 cm. (8vo)
500   $aLeaf [8]b, line 20: vadas & proinde intus damnatus per infinita se--cula seculorum: Amen.
500   $aSignature: [a]⁸.
500   $aWoodcut initial on [a]1r.
510 4 $aReichling,$c130.
510 4 $aGoff,$cC-387.
510 4 $aGW$c7401.
510 4 $aISTC (CD-ROM, 1997 ed.),$cic00837000.
510 4 $aWalsh, J.E. 15th cent. printed books,$c1478.
700 1 $aSilber, Eucharius,$dactive 1480-1510,$eprinter.
752   $aItaly$dRome.
988   $a20020608
906   $0OCLC

