LEADER 01401nam a2200277I  4500
001 005000309-7
005 20020606095253.2
008 810202s1855    gw aef        000 0 ger  
010   $a   10003952 
035 0 $aocm07097000
040   $aDLC$cIDJ$dHFL
050 0 $aN6882.S9$bH5
100 1 $aHeideloff, Carl Alexander von,$d1788-1865,$eed.
245 04$aDie kunst des mittelalters in Schwaben.$bDenkmäler der baukunst, bildnerei und malerei.$cHrsg. von C. Heideloff ... unter mitwirkung von architecht C. Beisbarth. Mit erläuterndem text von prof. Fr. Müller.
260   $aStuttgart,$bEbner & Seubert,$c1855.
300   $a2 p. ℓ., iv, 121 p.$billus., 30 pl (2 col.) incl. plans.$c32 cm.
500   $a"Die Cisterzienser-abtei Bebenhausen im Schönbuch, aufgenommen und beschrieben von dr. Heinrich Leibnitz"; p. [63]-80.
500   $ap. [81]-121 have special t.-p.: Ulms kunstgeschichte im mittelalter, beschrieben von professor dr. K.D. Hassl ... Zugleich text zu den drei ersten Ulm betreffenden skupplementheften der Kunst des mittelalters in Schwaben ... Stuttgart, Ebner & Seubert, 1864.
650  0$aArt$zGermany$zSwabia.
650  0$aArt, Medieval.
700 1 $aBeisbarth, Karl Friedrich,$d1809-1878.
700 1 $aMüller, Friedrich,$d-approximately 1858.
700 1 $aLeibnitz, Heinrich.
700 1 $aHassler, Konrad Dieterich,$d1803-1873.
988   $a20020608
906   $0DLC

