LEADER 00898nam a2200253   4500
001 005000310-0
005 00000000000000.0
008 810211s1956    at ab         000 0 eng d
035 0 $aocm07120691
040   $aCUX$cCUX$dHBS
043   $au------
050  4$aSF207$b.O49
060  4$aSF207 O492
100 1 $aO'Loghlen, Frank,$eed.
245 10$aBeef cattle in Australia, 1956.$bAn illustrated survey of the beef cattle industry.
260   $aSydney,$bJohnston Pub. Co.$c[1956]
300   $a377 p.$billus., map.
490 0 $aBeef cattle in Australia,$vno.2
500   $a"This is the second of a series of books published under the title of Beef cattle in Australia."
650  2$aCattle.
650  0$aCattle$zAustralia.
776 08$iOnline version:$aO'Loghlen, Frank.$tBeef cattle in Australia, 1956.$dSydney, Johnston Pub. Co. [1956]$w(OCoLC)610072511
988   $a20020608
906   $0OCLC

