LEADER 00401nam a2200157K  4500
001 005000311-9
005 20020606095253.2
008 810220s1966    bu            000 1 bul d
035 0 $aocm07145617
040   $aCLE$cCLE$dHLS
100 1 $aGinev, Rusin.
245 10$aKhronika na probuzhdaneto;$broman.
260   $aSofia,$bDurzhavno Voenno Izdatelstvo,$c1966.
300   $a248 p.
988   $a20020608
906   $0OCLC

