LEADER 00656nam a2200193Ka 4500
001 005000312-7
005 20020606095253.2
008 810226m18701880cs       b    000 0 cze d
035 0 $aocm07161837
040   $aCLE$cCLE$dHLS$dHMM
100 1 $aGindely, Antonín,$d1829-1892.
245 10$aDějiny českého povstání léta 1618 /$csepsal Antonin Gindely.
260   $aV Praze :$bNákladem B. Temskeho,$c1870-1980.
300   $a4 v. ;$c22 cm.
504   $aIncludes bibliographical references.
651  0$aBohemia (Czech Republic)$xHistory.
830  0$aHarvard Slavic humanities preservation microfilm project ;$v02255.$5mmf
988   $a20020608
906   $0OCLC

