LEADER 00741cam a2200217I  4500
001 005000313-5
005 20020606095253.2
008 810227n        enk           000 0 eng d
035 0 $aocm07163068
040   $aRETROCON/NYGG (ZYU)$cZYU$dOCL$dHLS
090   $aDG848.56$b.G524
100 1 $aGladstone, W. E.$q(William Ewart),$d1809-1898.
245 10$aTwo letters to the Earl of Aberdeen, on the state prosecutions of the Neapolitan government.$cBy the Right Hon. W. E. Gladstone.
250   $a13th ed.
260   $aLondon,$bJohn Murray$c[n.d.]
300   $a48 p.$c19 cm.
650  0$aPrisons$zNaples (Kingdom)
651  0$aItaly$xHistory$y1848-1870.
651  0$aNaples (Kingdom)$xPolitics and government.
988   $a20020608
906   $0OCLC

