LEADER 00766aam a2200241 a 4500
001 005000314-3
005 20020606095253.2
008 941020s1994    ag       b    000 0 spa  
010   $a   94221348 
020   $a9501407624
035 0 $aocm31740769
040   $aDLC$cDLC
043   $acl-----
050 00$aKG735$b.E373 1994
100 1 $aEkmekdjian, Miguel Angel.
245 10$aIntroducción al derecho comunitario latinoamericano :$bcon especial referencia al Mercosur /$cMiguel Ángel Ekmekdjian.
260   $aBuenos Aires :$bEdiciones Depalma,$c1994.
300   $axxii, 551 p. ;$c23 cm.
504   $aIncludes bibliographical references.
610 20$aMERCOSUR (Organization)
651  0$aLatin America$xEconomic integration.
988   $a20020608
906   $0DLC

