LEADER 00946nas a2200265I  4500
001 005000315-1
005 20020606095253.2
008 810302u19539999it uu p       0   b0ita d
010   $a   64036984 
035 0 $aocm07182539
040   $aBOS$cBOS$dHLS
043   $ae------
050 0 $aHD9555.A1$bE78
245 00$aEuropa e energia.
260   $a[Firenze]$bVallecchi.
300   $av.$billus.$c22 cm.
362 0 $a1- 1947/53-
440  0$aSerie Documentazioni
515   $aCeased with 1959?
550   $aVols. for 1947-53-- issued by the committee's Divisione affari internazionali e studi economici, Ufficio pubblicazioni.
550   $aPublished by the Divisione affari internazionali e studi economici del Comitato nazionale energia nucleare.
610 10$aItaly.$bComitato nazionale per l'energia nucleare.$bDivisione affari internazionali e studi economici.
650  0$aPower resources$zEurope.
988   $a20020608
906   $0OCLC

