LEADER 00768nam a2200229Ia 4500
001 005000316-X
005 20020606095253.2
008 810316s1852    enk     a     000 0 eng  
010   $a   09004862 
035 0 $aocm07228589
040   $aDLC$cEMT$dHLS
050 0 $aBX5155.G65$bno.12
100 1 $aGladstone, W. E.$q(William Ewart),$d1809-1898.
245 12$aA letter to The Right Rev. William Skinner, D.D., Bishop of Aberdeen, and Primus :$bon the functions of laymen in the church /$cby The Right Hon. W.E. Gladstone.
250   $a2nd ed.
260   $aLondon :$bJohn Murray,$c1852.
300   $a39 p. ;$c24 cm.
610 20$aEpiscopal Church in Scotland$xGovernment.
610 10$aSkinner, William,$d1778-1857.
650  0$aLaity.
988   $a20020608
906   $0DLC

