LEADER 01225cas a2200337 a 4500
001 005000317-8
005 20020604113839.0
008 901210u19uuuuuuko uu    a    0  | 0kor  
010   $a90657775
035 0 $aocm22832427
040   $aDLC$cDLC$dOCoLC$d*YNH*$dCStRLIN
042   $alc
043   $aa-ko---
050 00$aAC895.K6$bN66
130 0 $6880-01$aNonmun chʻorokchip (Hanʾguk Haksul Chinhŭng Chaedan)
245 10$6880-02$aNonmun chʻorokchip.
246 10$aHaksul yŏnʾgu chosŏngbi chiwŏn kwaje
260   $6880-03$a[Seoul] :$bHanʾguk Haksul Chinhŭng Chaedan.
300   $av. ;$c27 cm.
500   $6880-04$aAt head of title: Haksul yŏnʾgu chosŏngbi chiwŏn kwaje.
500   $aDescription based on: 1986.
500   $aIncludes indexes.
650  0$aDissertations, Academic$zKorea (South)$xAbstracts.
710 2 $6880-05$aHanʾguk Haksul Chinhŭng Chaedan.
880 0 $6130-01$a論文抄錄集 (Hanʾguk Haksul Chinhŭng Chaedan)
880 10$6245-02$a論文抄錄集.
880   $6260-03$a[Seoul] :$b韓國學術振興財團.
880   $6500-04$aAt head of title: 學術硏究助成費支援課題.
880 2 $6710-05$a韓國學術振興財團.
988   $a20021201
906   $0DLC

