LEADER 00555nam a2200181Ia 4500
001 005000318-6
005 20020606095253.2
008 810323s1865    enk           000 0 eng d
035 0 $aocm07250381
040   $aEMT$cEMT$dHLS
090   $aX
100 1 $aGladstone, W. E.$q(William Ewart),$d1809-1898.
245 00$aSpeeches and addresses delivered at the election of 1865 /$cby W.E. Gladstone.
260   $aLondon :$bJ. Murray,$c1865.
300   $a50 p. ;$c22 cm.
651  0$aGreat Britain$xPolitics and government$y1837-1901.
988   $a20020608
906   $0OCLC

