LEADER 00646cam a2200217I  4500
001 005000319-4
005 20020606095253.2
008 810403s1962    pl            000 0 pol  
010   $a   73210698 
035 0 $aocm07302313
040   $aDLC$cIVD$dHLS
050 0 $aD805.G4$bG53
100 1 $aGładysz, Antoni.
245 10$aObóz śmierci.
250   $a[Wyd. 1 Łódź]
260   $aWydawn.$bŁódzkie$c[1962]
300   $a297 p.$c20 cm.
610 20$aGross-Rosen (Concentration Camp)
776 08$iOnline version:$aGładysz, Antoni.$tObóz śmierci.$b[Wyd. 1 Łódź].$dWydawn. Łódzkie [1962]$w(OCoLC)654424036
988   $a20020608
906   $0DLC

