LEADER 00777nam a2200217I  4500
001 005000320-8
005 20050225161516.0
008 810414s1962    it            000 0 ita d
035 0 $aocm07334384
040   $aRETROCON/NYGG (COO)$cCOO$dCOO$dHLS
090   $aD802.P4$bG51
100 1 $aGiovana, Mario.
245 13$aLa Resistenza in Piemonte;$bstoria del C. L. N. piemontese.
260   $aMilano,$bFeltrinelli$c[1962]
300   $a247 p.$c22 cm.
490 1 $aStudi e ricerche storiche / [Milan] Istituto Giangiacomo Feltrinelli ;$v15
610 20$aComitato di liberazione nazionale regionale del piemonte.
650  0$aWorld War, 1939-1945$xUnderground movements$zPiedmont.
830  0$aStudi e ricerche storiche (Feltrinelli editore) ;$v15.
988   $a20020608
906   $0OCLC

