LEADER 01452nam a2200301I  4500
001 005000321-6
005 20020606095253.2
008 810423s1965    gw cf    b    000 0 ger  
010   $a   66084429 
035 0 $aocm07360131
040   $aDLC$cFHM$dHFL
050 0 $aN5070.H4$bA56
110 2 $aKurpfälzisches Museum (Heidelberg, Germany)
245 10$aSchlösser, Burgen, Ruinen in der Malerei der Romantik;$bGemälde, Aquarelle und Graphik deutscher, österreichischer und Schweizer Künstler, 1770 bis 1860. Ausstellung des Kurpfälzischen Museums im Ottheinrichsbau des Heidelberg Schlosses, 29. Mai bis 26. September 1965,$cKatalogbearbeitung: Anneliese Stemper und Jens Christian Jensen.
260   $a[Heidelberg,$c1965?]
300   $a80 p.$b57 plates (10 col., incl. ports.)$c20 cm.
500   $a"Veranstaltet zum Gedächtnis an den am 10. November 1864 verstorbeben Grafen Karl von Graimberg ... den Begründer des Kurpfälzischen Museums."
504   $aBibliography: p. 79-80.
650  0$aArt$xExhibitions.
650  0$aArchitecture in art.
650  0$aRomanticism in art.
655  7$aExhibition catalogs.$2fast
700 1 $aStemper, Annelise.
700 1 $aJensen, Jens Christian.
700 1 $aStemper, Anneliese.
776 08$iOnline version:$aKurpfälzisches Museum (Heidelberg, Germany).$tSchlösser, Burgen, Ruinen in der Malerei der Romantik.$d[Heidelberg, 1965?]$w(OCoLC)561376704
988   $a20020608
906   $0DLC

