LEADER 00855nam a2200265I  4500
001 005000322-4
005 20020606095253.2
008 810430s1974    ru b     b    000 0 rusr 
010   $a   74328746 
015   $aUSSR74
035 0 $aocm07378683
040   $aDLC$cBXM$dHLS
043   $ae-urf--
050 0 $aHC487.F3$bG57
100 1 $aGladyshev, Anatoliĭ Nikolaevich.
245 10$aProblemy razvitii︠a︡ i razmeshchenii︠a︡ proizvoditelʹnykh sil Dalʹnego Vostoka.
260   $aMoskva,$b"Myslʹ,"$c1974.
300   $a215 p.$bwith maps.$c20 cm.
500   $aAt head of title: A. N. Gladyshev, A. V. Kulikov, B. F. Shapalin.
504   $aBibliography: p. 208-[213]
650  0$aIndustries$zRussia (Federation)$zRussian Far East.
700 1 $aKulikov, Aleksandr Vasilʹevich.
700 1 $aShapalin, B. F.
988   $a20020608
906   $0DLC

