LEADER 01060nam a2200289I  4500
001 005000323-2
005 20060407145948.0
008 810511c19661965it f     b    001 0 ita d
035 0 $aocm07408078
040   $aMIA$cMIA$dHFL
043   $aa-tu---
050   $aNA5870.K3$bG7 1966
100 1 $aGrabar, André,$d1896-1990.
245 10$aMosaici e affreschi nella Kariye-Camii ad Istanbul.$cTesto di André Grabar e Tania Velmans.
260   $a[Milano]$bFratelli Fabbri; [distributore nazionale A. & G. Marco;$c1966, c1965.]
300   $a39, [1] p. (p. 11-[40] col. illus.)$bplan.$c36 cm.
440  2$aL'arte racconta ;$v33
504   $aBibliography: p. 7.
610 20$aKariye Camii (Istanbul, Turkey)
650  0$aMosaics, Byzantine$zTurkey$zIstanbul.
650  0$aMosaics$zTurkey$zIstanbul.
650  0$aMural painting and decoration, Byzantine$zTurkey$zIstanbul.
650  0$aMural painting and decoration$zTurkey$zIstanbul.
700 1 $aVelmans, Tania,$ejoint author.
700 1 $aVelmans, Tania,$eauthor.
988   $a20020608
906   $0OCLC

