LEADER 00548cam a2200193   4500
001 005000324-0
005 20070117133438.0
008 810515s1958    nyu           000 0 eng d
035 0 $aocm07421618
040   $aUND$cUND$dHBS
100 1 $aCox, Archibald,$d1912-2004.
245 10$aStatutory supplement to Cases on labor law.
246 3 $aCases on labor law
250   $a4th ed.
260   $aBrooklyn,$bFoundation Press,$c1958.
300   $a137 p.$c26 cm.
650  0$aLabor laws and legislation$zUnited States$vCases.
988   $a20020608
906   $0OCLC

