LEADER 00734nam a2200229Ia 4500
001 005000325-9
005 20020606095253.2
008 810519q18801889enk           000 0 eng d
035 0 $aocm07432014
040   $aOSU$cOSU$dHFL
100 1 $aGreen, N. E.
245 10$aHints on sketching from nature /$cby N. E. Green.
260   $aLondon :$bG. Rowney,$c[188-?]
300   $a3 v. in 1 :$bill. (some col.) ;$c19 cm.
500   $aIncludes G. Rowney & Co. catalog of artists' supplies.
500   $aPt.1 is "18th ed.", 2 is "16th ed.", 3 is "20th ed."
650  0$aLandscape drawing.
650  0$aNature (Aesthetics)
650  0$aArtists' materials$xCatalogs.
710 2 $aGeorge W. Rowney & Company.
988   $a20020608
906   $0OCLC

