LEADER 01061cam a2200265Ia 4500
001 005000326-7
005 20020606095253.2
008 810527s1916    dcuabf       f000 0 eng d
035 0 $aocm07448943
040   $aMOA$cMOA$dAGL$dHMZ
050  4$aQL596.A63$bC63 1916
072   $aF821$aL700$aL001
090   $aQL596.A63$bC63 1916
100 1 $aCoad, B. R.
245 10$aStudies on the biology of the Arizona wild cotton weevil /$cby B.R. Coad.
260   $aWashington, D.C. :$bU.S. Dept. of Agriculture,$c1916.
300   $a23 p., 2 leaves of plates :$bill., 1 map ;$c24 cm.
490 1 $aBulletin / United States Department of Agriculture ;$vno. 344
500   $aContribution from the Bureau of Entomology.
650  0$aBoll weevil.
650  0$aCotton$xDiseases and pests.
776 08$iOnline version:$aCoad, B. R.$tStudies on the biology of the Arizona wild cotton weevil.$dWashington, D.C. : U.S. Dept. of Agriculture, 1916$w(OCoLC)903723537
830  0$aBulletin of the U.S. Department of Agriculture ;$vno. 344.
988   $a20020608
906   $0OCLC

