LEADER 00610nam a2200205I  4500
001 005000327-5
005 20071129155715.0
008 810601s1961    enka     b    000 0 eng u
035 0 $aocm07465065
040   $cIAZ$dHMZ
090   $aQL641$b.C6
100 1 $aCochran, Doris M.$q(Doris Mable),$d1898-1968.
245 10$aLiving amphibians of the world$cWith photos. by Robert S. Simmons, and others.
260   $aLondon,$bHamish Hamilton$c[1961]
300   $a199 p.$billus.$c29 cm.
440  4$aThe World of nature series
504   $aBibliography: p. 195.
650  0$aAmphibians.
988   $a20020608
906   $0MH

