LEADER 00749nam a2200229Ia 4500
001 005000328-3
005 20020606095253.2
008 810603q19001981fr af         000 0 fre d
035 0 $aocm07471825
040   $aSMI$cSMI$dHLS
043   $ae-fr---
050  4$aDC611.L81$bB72
090   $aDC611.L81$bB72
245 00$aBords de la Loire :$bOrléanais, Touraine, Maine, Anjou /$cintroduction de René Bazin.
260   $a[Paris] :$bHachette,$c[19--?].
300   $a69 p., [1] leaf of plates :$bill. (some col.) ;$c31 cm.
440  3$aLe pays de France ;$v15
650  0$aArchitecture$zFrance$zLoire River Valley Region.
651  0$aLoire River Valley (France)$xGuidebooks.
700 1 $aBazin, René,$d1853-1932.
988   $a20020608
906   $0OCLC

