LEADER 01074cam a2200253I  4500
001 005000329-1
005 20020606095253.2
008 770122s1898    enkac         000 0dengs 
010   $a   30007374 
035 0 $aocm02694384
040   $aDLC$cOHI$dGZM$dHLS
050 0 $aPR9411$b.T8
100 1 $aTurner, Henry Gyles,$d1831-1920.
245 14$aThe development of Australian literature /$cby Henry Gyles Turner and Alexander Sutherland ...
260   $aLondon ;$aNew York :$bLongmans, Green,$c1898.
300   $axii, [13]-343 p. :$bill., plates, ports. ;$c20 cm.
505 00$tGeneral sketch of Australian literature /$rH.G. Turner. --$tBiography of Adam Lindsay Gordon /$rA. Sutherland. --$tBiography of Henry Kendall /$rA. Sutherland. --$tBiography of Marcus Clarke /$rH.G. Turner.
600 10$aGordon, Adam Lindsay,$d1833-1870.
600 10$aKendall, Henry,$d1839-1882.
600 10$aClarke, Marcus Andrew Hislop,$d1846-1881.
650  0$aAustralian literature$xHistory and criticism.
700 1 $aSutherland, Alexander,$d1852-1902.
988   $a20020608
906   $0DLC

