LEADER 00454nam a2200169I  4500
001 005000330-5
005 20020606095253.2
008 810605s1835    mau           000 0 eng  
010   $a   30020062 
035 0 $aocm07480457
040   $aDLC$cFHM$dHLS
050 0 $aPS991.A1$bG5
245 02$aA Glance at the nations, with other poems.
260   $aBoston,$bRussell, Odiorne, and Metcalf,$c1835.
300   $a2 p. l., 60 p.$c16 cm.
988   $a20020608
906   $0DLC

