LEADER 00825nam a2200229I  4500
001 005000331-3
005 20020606095253.2
008 810611s1913    fr abf        000 0 fre  
010   $a   13017711 //r25
035 0 $aocm07494371
040   $aDLC$cSER$dHMZ
050 0 $aGC21$b.C6
100 2 $aClerc-Rampal, G.$q(Georges),$d1870-
245 13$aLa mer:$bla mer dans la nature, la mer et l'homme,$cpar G. Clerc-Rampal; préface de A. Berget. 636 reproductions photographiques. 10 hors-texte en couleurs.--16 hors-texte en noir.--316 cartes en noir ou dessins.
260   $aParis,$bLarousse$c[c1913]
300   $aviii, 302 p., 1 ℓ.$billus., 26 pl. (part col., part double; incl. maps) diagrs.$c33 cm.
650  0$aOcean.
650  0$aNavigation.
650  0$aShips.
650  0$aShipping.
988   $a20020608
906   $0DLC

