LEADER 01373nam a2200253I  4500
001 005000332-1
005 20020606095253.2
008 810625s1860    fr b          000 0 fre d
010   $a   05015593 
035 0 $aocm07530772
035 1 $aCTRG97B553
040   $aRETROCON/NYGG (ZYU)$cZYU$dHLS
050 0 $aDT305$b.G58
100 1 $aGodard, Léon Nicolas,$d1825-1863.
245 10$aDescription et histoire du Maroc comprenant la géographie et la statistique de ce pays d'après les renseignements les plus récents et le tableau du régne des souverains qui l'ont gouverné depuis les temps les plus anciens jusqu'à la paix de Tétouan en 1860,$cpar Léon Godard ... Avec une carte générale du Maroc.
260   $aParis,$bC. Tanera,$c1860.
300   $a2 pts. in 1 v.$bfold. map.$c23 cm.
500   $aPaged continuously; pt. 1: 1 p. l., vii, 367 p.; pt. 2: 1 p. l., [369]-680 p.
500   $a"La premìere partie reproduit en substance, et qelque fois littéralement, des articles insérés dans l'Akhbar d'Alger, sous ce titre: Le Maroc notes d'un voyageur, 1858-1859, et dont le rédacteur en chef du journal fit un tirage en brochure." Préface p. vi.
651  0$aMorocco$xHistory.
651  0$aMorocco$xDescription and travel.
830  0$aWestern books, The Middle East from the rise of Islam ;$vfiches 9,525-9,532.$5mic
988   $a20020608
906   $0RLIN

