LEADER 01200cam a2200337   4500
001 005000333-X
005 20020606095253.2
008 810406s1971    mauab    b    001 0aeng  
010   $a   81458418 //r85
035 0 $aocm07553042
040   $aDLC$cDLC$dHMZ
043   $anwcu---
050 0 $aQL430.5.H45$bC56
082 0 $a594/.32$219
100 1 $aClench, William James,$d1897-1984.
245 10$aMonograph of the Cuban genera Emoda and Glyptemoda (Mollusca: Archaeogastropoda: Helicinidae)$c[by] William J. Clench and Morris K. Jacobson.
260   $aCambridge,$bHarvard University,$c1971.
300   $a99-130 p.$billus., maps.$c26 cm.
490 1 $aBulletin of the Museum of Comparative Zoology,$vv. 141, no. 3
500   $aCover title.
504   $aBibliography: p. 121.
650  0$aEmoda$xClassification.
650  0$aGlyptemoda$xClassification.
650  0$aMollusks$xClassification.
650  0$aMollusks$zCuba$xClassification.
655  7$aClassification.$2fast
700 1 $aJacobson, Morris K.$ejoint author.
700 1 $aJacobson, Morris K.,$eauthor.
830  0$aBulletin of the Museum of Comparative Zoology ;$vv. 141, no. 3.
988   $a20020608
906   $0DLC

