LEADER 00843cam a2200229Ia 4500
001 005000334-8
005 20020606095253.2
008 810707s1658    enk           000 0 eng d
035 0 $aocm07561048
040   $aTXR$cTXR$dHHG
050  4$aAG104$b.Q3 1658
090   $aAG104$b.Q3 1658
245 04$aThe Compleat cook :$bexpertly prescribing the most ready wayes whether Italian, Spanish, or French for dressing of flesh, and fish, ordering of sauces, or making of pastry.
260   $aLondon :$bPrinted by E. B. for N. Brook,$c1658.
300   $a123 p. ;$c15 cm.
500   $aIncludes index.
500   $aAssigned by Wing to "W.M.", compiler of The Queens closet opened.
501   $aWith: The queens closet opened. London, 1658.
650  0$aCooking$vEarly works to 1800.
655  7$aEarly works.$2fast
988   $a20020608
906   $0OCLC

