LEADER 00993nam a2200325 i 4500
001 005000335-6
005 20020606095253.2
008 810528s1978    yu a     b    000 0bhrv  
010   $a   81463331 
015   $aYu***
035 0 $aocm07576157
040   $aDLC$cDLC$dHFL
041 0 $ahrv$bengfreger
043   $ae-yu---
050 0 $aN7253.H47$bA4 1978
082 0 $a759.9497$aB$219
100 1 $aHerman, Oskar,$d1886-
245 00$aOskar Herman /$c[tekst, katalogi i bilješke] Boris Kelemen, Grgo Gamulin.
260   $aZagreb :$bGrafički zavod Hrvatske,$c1978.
300   $a290 p. :$bill. (some col.) ;$c31 cm.
500   $aIn Serbo-Croatian (Roman)
500   $aSummary also in English, French, and German.
504   $aBibliography: p. 273-280.
600 10$aHerman, Oskar,$d1886-
650  0$aArtists$zYugoslavia$vBiography.
600 10$aHerman, Oskar,$d1886-1974.
700 1 $aKelemen, Boris.
700 1 $aGamulin, Grgo,$d1910-
988   $a20020608
906   $0DLC

