LEADER 01088cam a2200277Ia 4500
001 005000336-4
005 20020606095253.2
008 810716c19721971dcu      b   f000 0 eng d
035 0 $aocm07589440
035 0 $aocm07589440$zocm14084413
040   $aEWF$cEWF$dOCL$dCGU$dHLS
090   $aHV8088$b.K35x 1972
100 1 $aKakalik, James S.
245 10$aPrivate police in the United States :$bfindings and recommendations /$cJames S. Kakalik and Sorrel Wildhorn.
260   $a[Washington, D.C.] :$bU.S. Department of Justice, Law Enforcement Assistance Administration, National Institute of Law Enforcement and Criminal Justice,$c1972, c1971.
300   $axix, 109 p. ;$c28 cm.
440  0$aRand report ;$vR-869/DOJ
500   $aVol. 1 of a series of 5, comprising R-869-873.
500   $a"Prepared for the Department of Justice."
504   $aIncludes bibliographical references.
650  0$aPolice, Private$zUnited States.
700 1 $aWildhorn, Sorrel.
710 1 $aUnited States.$bDepartment of Justice.
710 2 $aRand Corporation.
988   $a20020608
906   $0OCLC

