LEADER 00540nam a2200193Ia 4500
001 005000337-2
005 20020606095253.2
008 810728s1890    nyue          000 0 eng d
035 0 $aocm07620634
040   $aNOC$cNOC$dHLS
090   $aZ665$b.G54
100 1 $aGladstone, W. E.$q(William Ewart),$d1809-1898.
245 10$aOn books and the housing of them /$cby W.E. Gladstone.
260   $aNew York :$bDodd, Mead,$c1890.
300   $a45 p. :$bplan ;$c16 cm.
650  0$aBooks.
650  0$aLibrary science.
988   $a20020608
906   $0OCLC

