LEADER 00416nam a2200157K  4500
001 005000338-0
005 20020606095253.2
008 810728s1963    hu a          000 0 hun d
035 0 $aocm07621842
040   $aPLF$cPLF$dHLS
100 1 $aGoda, Gábor.
245 10$aPoldini úr;$brégeny.$c[Szántó Piroska rajzaival]
260   $aBudapest,$bSzépirodalmi$c[c1963]
300   $a428 p.$billus.
988   $a20020608
906   $0OCLC

