LEADER 00489nam a2200181K  4500
001 005000339-9
005 20020606095253.2
008 810731s1897    enka          000 0 eng d
035 0 $aocm07634033
040   $aPLF$cPLF$dHFL
100 1 $aGreenwell, William,$d1820-1918.
245 00$aDurham Cathedral;$ban address delivered September 24, 1879.
250   $a5th ed.
260   $aDurham,$bAndrews$c[1897]
300   $a97 p.$billus.
610 20$aDurham Cathedral.
988   $a20020608
906   $0OCLC

