LEADER 00756nam a2200217I  4500
001 005000340-2
005 20020606095253.2
008 810807s1963    it            000 0 ita d
035 0 $aocm07648496
040   $aCOO$cCOO$dHLS
090   $aR131.A1$bS41 v.46
100 1 $aGiovanni, Antonio di
245 00$aNote per la storia della medicina in Parigi dal XII al XVII secolo.$cCon un appendice di C. Mancini sugli "Ospedali di Parigi centocinquantanni fa."
260   $aPisa,$bTip. Giardini,$c1963.
300   $a94 p.$c24 cm.
490 0 $aScientia veterum; collana di studi di storia della medicina,$v46
650  0$aMedicine$zFrance$zParis.
650  0$aHospitals$zFrance$zParis$xHistory.
700 1 $aMancini, Clodomiro.
988   $a20020608
906   $0OCLC

