LEADER 00926nam a2200241K  4500
001 005000341-0
005 20020606095253.2
008 810811s1964    it            000 0 ita d
016 7 $a0007031$2DNLM
035 0 $aocm07658004
035 0 $aocm07658004$zocm14536396
040   $aCOO$cCOO$dNLM$dHLS
060 0 $aW1$bSC827 n.58 1964
090   $aR131.A1$b.S41 v.58
100 1 $aGiovanni, Antonio di.
245 00$aMalati e malattie di altri tempi.
260   $aPisa,$bTip. editrice Giardini,$c1964.
300   $a69 p.$c25 cm.
490 0 $aScientia veterum; collana di studi di storia della medicina,$v58
505 0 $aLo stato di malattia in rapporto alla capacità lavorativa nel Catasto pisano del 1428-29. -- Sulla malattia del marchese Marc' Antonio Cattaneo (secolo XVII) -- Ricordo di Gerolamo Cardano. -- Il "De rheumatismo" di Guglielmo Ballonio.
650  2$aHistory of Medicine.
988   $a20020608
906   $0OCLC

