LEADER 01076cam a22003258a 4500
001 005000342-9
005 20020606095253.2
008 910911s1991    cau      b    00010 eng  
010   $a   91035164 
020   $a1558151451
035 0 $aocn237215809
040   $aDLC$cDLC$dDLC
043   $aa-tu---
050 00$aHC492$b.K78 1991
082 00$a330.9561/03$220
100 10$aKrueger, Anne O.
245 10$aTurkey :$btrade reforms in the 1980s /$cAnne O. Krueger and Okan H. Aktan.
260 0 $aSan Francisco, Calif. :$bICS Press,$cc1991.
300   $avi, 46 p. ;$c23 cm.
490 1 $aCountry studies ;$vno. 9
500   $a"An International Center for Economic Growth publication."
504   $aIncludes bibliographical references (p. 41-46).
651  0$aTurkey$xEconomic conditions$y1918-1960.
651  0$aTurkey$xEconomic conditions$y1960-
651  0$aTurkey$xEconomic policy.
651  0$aTurkey$xForeign economic relations.
700 1 $aAktan, Okan H.
830  0$aCountry studies (San Francisco, Calif.) ;$vno.9
988   $a20020608
906   $0DLC

