LEADER 00595cam a2200193K  4500
001 005000343-7
005 20020606095253.2
008 810812s1956    at a     b    000 0 eng d
015   $aGB57-11190
035 0 $aocm07663513
040   $aPLF$cPLF$dOCL$dUKM$dHFL
100 1 $aHerman, Morton.
245 04$aThe architecture of Victorian Sydney,$cby Morton Herman, assisted by Boyd Atkinson.
260   $aSydney,$bAngus and Robertson$c[1956]
300   $a192 p.$b(chiefly illus.)
504   $aIncludes bibliography.
650  0$aArchitecture$zAustralia$zSydney (N.S.W.)
988   $a20020608
906   $0OCLC

