LEADER 01003nam a22002537  4500
001 005000344-5
005 00000000000000.0
008 810812s1955    nyua          000 0 eng d
010   $a   55008356 
015   $aGB55-14308
035 0 $aocm07663737
035 0 $aocm07663737$zocm00988265
040   $aPLF$cPLF$dTOL$dUKM$dHBS
050 0 $aHD9415$b.H5
100 1 $aHildreth, Clifford,$d1917-
245 12$aA statistical study of livestock production and marketing,$cby Clifford Hildreth and F.G. Jarrett. In co-operation with the Bureau of Agricultural Economics, USDA, and the Agricultural Economics Research Group, University of Chicago.
260   $aNew York,$bWiley$c[c1955]
300   $a156 p.$billus.
490 1 $aCowles Commission for Research in Economics. Monograph$vno. 15
650  0$aAnimal industry$zUnited States.
700 1 $aJarrett, Francis George,$ejoint author.
830  0$aMonograph (Cowles Commission for Research in Economics) ;$vno. 15.
988   $a20020608
906   $0OCLC

