LEADER 00654cam a2200229Ia 4500
001 005000345-3
005 20020606095253.2
008 810910s1934    wiu           000 0 eng d
035 0 $aocm07748284
040   $aSMI$cSMI$dHFL
043   $apo-----$af------
050  4$aN7410$b.F65
110 2 $aFogg Art Museum.
245 10$aOceanic and African art :$bFogg Museum, Cambridge, May, 1934.
260   $a[Menasha, Wis. :$bG. Banta Pub. Co.],$c1934.
300   $a15 p., 12 p. of plates :$bill. ; 20 cm.
504   $aBibliography: p. 7-8.
650  0$aArt$zOceania.
650  0$aArt$zAfrica.
650  0$aArt, Primitive.
988   $a20020608
906   $0OCLC

