LEADER 00603nam a2200181Ia 4500
001 005000346-1
005 20020606095253.2
008 810915s1962    fr            000 0 fre d
035 0 $aocm07761190
040   $aSMI$cSMI$dHFL
110 1 $aGrenoble (France).$bMusée de peinture et de sculpture.
245 13$aLe Musée de peintures et de sculptures :$bpeintures /$cGabrielle Kueny.
260   $a[France :$bs.n.],$c1962$e(Mulhouse :$fBraun)
300   $a[16] p., 48 p. of plates :$bill., ports. ;$c19 cm.
650  0$aPainting$zFrance$zGrenoble.
700 1 $aKueny, Gabrielle.
988   $a20020608
906   $0OCLC

