LEADER 00649nam a2200205I  4500
001 005000347-X
005 20020606095253.2
008 811002s1960    vc            000 0 ita d
035 0 $aocm07808805
040   $aTJC$cTJC$dHLS
090   $aBX1378$b.G512v
100 1 $aGiovannetti, Alberto.
245 13$aIl Vaticano e la guerra,$b1939-1940; note storiche.
260   $aCittà del Vaticano,$bLibreria editrice vaticana$c[1960]
300   $a222 p.$c21 cm.
600 00$aPius$bXII,$cPope,$d1876-1958.
610 20$aCatholic Church$xForeign relations.
650  0$aWorld War, 1939-1945$xReligious aspects$xCatholic Church.
988   $a20020608
906   $0OCLC

