LEADER 01266nam a2200265Ia 4500
001 005000348-8
005 20020606095253.2
008 811017s1673    stk           000 0 eng d
035 0 $aocm07854579
040   $aNNM$cNNM$dHHG
050 14$aBX1763.C658$bG7 1673
100 1 $aColvil, Samuel.
245 14$aThe grand imposter discovered, or, An historical dispute of the papacy and popish religion ... /$cby S. C.
260   $aEdinburgh :$bPrinted by His Majesties printers, for the author,$c1673.
300   $a[58], 226, 92 p. ;$c19 cm.
500   $aPreface signed: Samuel Colvil.
500   $aSubtitle: "l. Demonstrating the newness of both; 2. By what artifices they are maintained; 3. The contradictions of the Roman doctors in defending them. Divided in four parts, l. Of bishops; 2. Of arch-bishops; 3 Of an oecumenick bishop; 4. Of Antichrist. Part I . Divided in two books ... "
500   $aNo more published.
500   $aDedication signed: Samuel Colvill.
500   $aErrata: p. [94] (2d count).
500   $aThe second book has separate signatures & paging, and caption title. Wing does not record a "part 2" of this work.
510 4 $aAldis$c1982
610 20$aCatholic Church$xDoctrines$xProtestant authors.
988   $a20020608
906   $0OCLC

