LEADER 01588nam a2200313Ia 4500
001 005000349-6
005 20020606095253.2
008 811028s1552    sz            001 0 lat d
035 0 $aocm07884984
040   $aNDD$cNDD$dHLS
100 1 $aGiraldi, Lilio Gregorio,$d1479-1552.
245 10$aLilii Gregorij Gyraldi Ferrariensis Libelli duo, :$bin quorum altero Aenigmata pleraque antiquorum, in altero Pythagoræ symbola, non paulo quàm hactenus ab alijs, clarius faciliusq̀; sunt explicata.
246 3 $aLibelli duo in quorum altero Aenimata pleraque antiquorum, in altero Pythagorae symbola ... sunt explicata.
250   $aNunquam antea in lucem editi.$bAccesserunt eiusdem Lilij, & alij duo libelli, Aduersus ingratos, & Quomodo quis ingrati nomen & crimen effugere possit.
260   $aBasileæ :$bPer Ioannem Oporinum,$cMense Ianuario 1551 [1552].
300   $a313, [31] p. ;$c16 cm. (8vo).
500   $aDate from colophon, p. [343]: Basileae, Per Ioannem Oporinum, Anno Salutis humanæ M. D. LI. Mense Ianuario.
500   $aSignatures: a-x⁸, y⁴.
500   $aAbove imprint on title page: Cum Cæs. Maiest. gratia & priuilegio ad quinquennium.
500   $aInitials; text in italic type.
500   $aPages 138, 192, and 242 misnumbered 238, 184, and 142 respectively; p. [344] is blank.
500   $aErrata: p. [314].
500   $aIncludes index.
650  0$aClassical antiquities.
650  0$aCuriosities and wonders$vEarly works to 1800.
650  0$aPythagoras and Pythagorean school.
650  0$aIngratitude.
988   $a20020608
906   $0OCLC

