LEADER 01179cam a2200289   4500
001 005000350-X
005 20020606095253.2
008 811005s1972    bu a     b    000 0 bul  
010   $a   72375225 //r913
015   $aBu72-2124
035 0 $aocm07923680
040   $aDLC$cDLC$dHLS
043   $ae-bu---
050 00$aHD6978$b.G58$aHD6955.G63
082 00$a339.4/7/094977$219
100 1 $aGochev, Gocho$q(Gocho P.)
245 10$aSot︠s︡ializmŭt i blagosŭistoi︠a︡nieto na bŭlgarskii︠a︡ narod.$b[Monogr.].$cGocho Gochev.
260   $aSofii︠a︡,$bNauka i izkustvo (I︠A︡mbol, pech. G. Dimitrov)$c1972.
300   $a227 p. with tables.$c20 cm.
490 0 $aIkonomicheski problemi na razvitoto sot︠s︡ialistichesko obshtestvo v NRB
504   $aIncludes bibliographical references.
650  0$aCost and standard of living.
650  0$aLabor productivity.
650  0$aCost and standard of living$zBulgaria.
776 08$iOnline version:$aGochev, Gocho (Gocho P.).$tSot͡sializmŭt i blagosŭistoi͡anieto na bŭlgarskii͡a narod.$dSofii͡a, Nauka i izkustvo (I͡Ambol, pech. G. Dimitrov) 1972$w(OCoLC)567945362
988   $a20020608
906   $0DLC

