LEADER 01022cam a2200277I  4500
001 005000351-8
005 20020606095253.2
008 811111s1942    gw af         000 0 ger c
010   $aaf 47006083 
035 0 $aocm07927650
040   $aIllinois. Univ. Library$cTYC$dHFL
043   $ae-gx---
050 0 $aNA1066$b.H4
100 1 $aHegemann, Hans Werner.
245 10$aDeutsches Rokoko,$bdas Phänomen des Formenwandels vom Barock zum Rokoko in der deutschen Architektur.
260   $aKönigstein im Taunus,$aLeipzig,$bK.R. Langewiesche$c[1942]
300   $a80 p. incl. col. front., illus., plates (part col.)$c26 cm.
490 0 $aDie Blauen Bücher
500   $aCover title.
500   $a"1.-20. Tausend."
650  0$aArchitecture, Rococo.
650  0$aDecoration and ornament, Rococo.
650  0$aArchitecture$zGermany.
776 08$iOnline version:$aHegemann, Hans Werner.$tDeutsches Rokoko.$dKönigstein im Taunus, Leipzig, K.R. Langewiesche [1942]$w(OCoLC)894772888
988   $a20020608
906   $0OCLC

