LEADER 00754nam a2200229Ia 4500
001 005000352-6
005 20020606095253.2
008 811112s1953    gw       b    001 0 ger c
010   $aa  53006534 
035 0 $aocm07932557
040   $aChicago. Univ. Libr.$cIDK$dHLS
050 0 $aBD450$b.G5
100 1 $aGindl, Irmgard,$d1907-
245 14$aDie Grundakte des Geistes :$beine phänomenologische Untersuchung /$cIrmgard Gindl.
260   $aWien :$bHerder,$c1953.
300   $a80 p. ;$c23 cm.
440  0$aGlaube und Forschung : österreichische Studien aus Theologie, Philosophie und Grenzgebieten ;$vBeitrag 2
500   $aIncludes index.
504   $aBibliography: p. 77.
650  0$aPhilosophical anthropology.
988   $a20020608
906   $0OCLC

