LEADER 01058nam a2200289 a 4500
001 005000353-4
005 00000000000000.0
008 811119s1951    enk      b   f001 0 eng d
010   $a   51032507 
015   $aGB51-6687
035 0 $aocm07940237
040   $aCPS$cCPS$dUKM$dHBS
050  4$aT26.G3$bG72 v.32
082 04$a632.950943$218
100 1 $aTew, R. P.
245 10$aPest control in Germany during the period 1939-1945 /$cby R.P. Tew.
260   $aLondon :$bPublished for British Intelligence Objectives Sub-committee by H.M. Stationery Off.,$c1951.
300   $a122 p. ;$c25 cm.
440  0$aB. I. O. S. surveys ;$vreport no. 32
500   $aIncludes index.
504   $aBibliography: p. 112-120.
650  0$aInsecticides.
650  0$aFungicides.
650  0$aAgricultural pests.
776 08$iOnline version:$aTew, R.P.$tPest control in Germany during the period 1939-1945.$dLondon : Published for British Intelligence Objectives Sub-committee by H.M. Stationery Off., 1951$w(OCoLC)691001915
988   $a20020608
906   $0OCLC

