LEADER 00663nam a2200205Ia 4500
001 005000354-2
005 20070729220027.0
008 811203s1894    fr            000 0 fre d
035 0 $aocm07971897
040   $aVZZ$cVZZ$dHFL
050  4$aNE2425$b.F47
100 1 $aFerret, J.,$d1845-
245 13$aLa photogravure sans photographie /$cpar J. Ferret.
260   $aParis :$bGauthier-Villars,$c1894.
300   $avii, 48 p. ;$c19 cm.
440  0$aBibliothèque photographique
650  0$aLithography.
776 08$iOnline version:$aFerret, J., 1845-$tPhotogravure sans photographie.$dParis : Gauthier-Villars, 1894$w(OCoLC)894269134
988   $a20020608
906   $0OCLC

