LEADER 01030cam a2200241Ia 4500
001 005000355-0
005 20070618205650.0
008 811211s1894    xx       b    000 0 ita d
035 0 $aocm07988674
040   $aNDD$cNDD$dOCL$dHLS
100 1 $aDi Giovanni, Vincenzo.
245 10$aGiovanni Pico della Mirandola nella storia del Rinascimento e della filosofia in Italia /$cper Vincenzo Di Giovanni.
246 3 $aNel IV centenario di Giovanni Pico della Mirandola.
260   $a[S.l. :$bs.n.],$c1894$e(Palermo :$fTip. e legatoria del Boccone del povero)
300   $axii, 109 [i.e. 209] p. ;$c20 cm.
490 1 $aOpere filosofiche / Vincenzo Di Giovanni ;$vv. 15
500   $aHalf title: Nel IV centenario di Giovanni Pico della Mirandola. 17 novembre 1494-1894.
504   $aIncludes bibliographical references.
600 10$aPico della Mirandola, Giovanni,$d1463-1494.
650  0$aPhilosophy, Medieval.
800 1 $aDi Giovanni, Vincenzo,$d1832-1903.$tWorks.$kSelections.$f1865 ;$vv. 15.
988   $a20020608
906   $0OCLC

