LEADER 00736nam a2200229Ia 4500
001 005000356-9
005 20020606095253.2
008 811218s1924    sp a     b    000 0 spa d
035 0 $aocm08008728
040   $aWAU$cWAU$dHLS
050  4$aBL2321$b.G55
090   $aBL2321$b.G55
100 2 $aGiner de los Ríos, Francisco,$d1839-1915.
245 10$aPedagogía universitaria :$bproblemas y noticias /$cpor Francisco Giner.
260   $aMadrid :$bImprenta de Julio Cosano,$c1924.
300   $a302 p. ;$c19 cm.
490 0 $aObras completas / Francisco Giner de los Rios ;$vt. 10
504   $aIncludes bibliographical references.
650  0$aUniversities and colleges.
650  0$aEducation, Higher.
988   $a20020608
906   $0OCLC

