LEADER 00750nam a2200229Ia 4500
001 005000357-7
005 20020606095253.2
008 820105s1876    quc           000 0 fre d
020   $a0665057563
035 0 $aocm08038868
040   $aCaOOCIHM$cUMI$dEEU$dHLS
043   $ae------
090   $aD919$b.G346
100 1 $aGagnon, Ernest,$d1834-1915.
245 10$aLettres de voyage :$breproduites du "Courrier du Canada" et augmentées de quelques notes /$cpar Ernest Gagnon.
260   $aQuébec :$b[s.n.],$c1876$e(Québec :$fP. Delisle)
300   $a122 p.
500   $aReproduction of original in: Public Archives of Canada Library.
651  0$aEurope$xDescription and travel.
730 0 $aCourrier du Canada.
988   $a20020608
906   $0OCLC

