LEADER 00676nam a2200217Ia 4500
001 005000358-5
005 20020606095253.2
008 820115s1966    quc           000 0 fre d
035 0 $aocm08065561
040   $aNDD$cNDD$dHLS
100 1 $aGodbout, Jacques,$d1933-
245 13$aLe mouvement du 8 avril /$cJacques Godbout.
250   $a2e éd.
260   $aMontreal :$bMouvement Laïque de Langue Française,$c1966.
300   $a28 p. ;$c19 cm.
490 0 $aCollection MLF ;$vno 1
500   $a"Pour un Québec libre, un Québec laïque".
610 20$aMouvement laïque de lange française.
650  0$aChurch and state$zQuébec (Province)
988   $a20020608
906   $0OCLC

