LEADER 01056cam a2200277 a 4500
001 005000359-3
005 00000000000000.0
008 820126s1956    orua     b   s100 0 eng d
035 0 $aocm08094882
040   $aILU$cILU$dOCL$dHBS
043   $an-us---
050  4$aS631$b.W52
110 2 $aWestern Agricultural Economics Research Council.$bFarm Management Research Committee.
245 14$aThe economics of fertilizer application :$bconference proceedings.
260   $aCorvallis, Ore. :$bThe Council,$c[1956?]
300   $a81 p. :$bill. ;$c27 cm.
490 0 $aFarm management in the West : problems in resource use report ;$vno.1
500   $aCover title.
500   $aConference held January 16 and 17, 1956.
504   $aBibliographical footnotes.
650  0$aFertilizers$zWest (U.S.)
650  0$aFertilizers$xResearch.
711 2 $aConference on the Economics of Fertilizer Application$d(1956 :$cCorvallis, Or.)
711 2 $aConference on the Economics of Fertilizer Application$d(1956 :$cCorvallis)
988   $a20020608
906   $0OCLC

