LEADER 01035nam a2200253 a 4500
001 005000360-7
005 00000000000000.0
008 820128s1909    ohuab         000 0 eng d
035 0 $aocm06848579
035 0 $aocn229877827
050  4$aSF403$b.H3 1909x
100 1 $aHarding, A. R.$q(Arthur Robert),$d1871-
245 10$aFur farming :$ba book of information about fur bearing animals, enclosures, habits, care, etc. /$cby A.R. Harding.
250   $aRev. ed.
260   $aColumbus, Ohio :$bA.R. Harding,$cc1909.
300   $a278 p. :$bill., maps ;$c18 cm.
650  0$aFur farming.
650  0$aFur-bearing animals.
650  0$aFur trade.
776 08$iOnline version:$aHarding, A.R. (Arthur Robert), 1871-$tFur farming.$bRev. ed.$dColumbus, O. : A.R. Harding, ©1909$w(OCoLC)647518083
830  0$aHarvard social history/business preservation microfilm project.$nProject 3 ;$v30058.$5mmf
830  0$aHarvard social history/business preservation microfilm project.$nProject 3 ;$v30058.$5mmf
988   $a20020608
906   $0MH

