LEADER 00843cam a2200217   4500
001 005000361-5
005 00000000000000.0
008 820201s1957    dcua         f000 0 eng  
010   $a   57061711 
035 0 $aocm08118342
040   $aDLC$cKSU$dHBS
050 0 $aHD9437.U62$bA57
086 0 $aY 4.Sm 1:P 86/pt.
110 1 $aUnited States.$bCongress.$bHouse.$bSelect Committee on Small Business.
245 10$aProblems in the poultry industry.$cHearings before Subcommittee No. 6 of the Select Committee on Small Business, House of Representatives, Eighty-fifth Congress, first session, pursuant to H. Res. 56.
260   $aWashington,$bU.S. Govt. Print. Off.,$c1957.
300   $a3 pts.$bdiagrs., tables.$c24 cm.
500   $aHearings held May 9,-May 16, 1957.
650  0$aPoultry industry$zUnited States.
988   $a20020608
906   $0DLC

