LEADER 00776aam a2200253 a 4500
001 005000362-3
005 20020606095253.2
008 950110s1994    fr ac    b    001 1dfre  
010   $a   95102370 
020   $a2080123548 :$c99.00F
035 0 $aocm31512413
040   $aDLC$cDLC$dMH-FA
043   $ae-fr---
050 00$aPQ2607.A33$bP53 1994
100 1 $aDaix, Pierre.
245 10$aPicasso au Bateau-Lavoir /$cPierre Daix.
260   $aParis :$bFlammarion,$cc1994.
300   $a223 p. :$bcol. ill. ;$c19 cm.
440  0$aHistoire d'un jour,$x1240-0785
504   $aIncludes bibliographical references (p. 157-[159]) and index.
600 10$aPicasso, Pablo,$d1881-1973$vFiction.
610 20$aBateau-Lavoir (Paris, France)$vFiction.
988   $a20020608
906   $0DLC

