LEADER 00689cam a2200205Ia 4500
001 005000363-1
005 20020606095253.2
008 820208s1909    fr f     c    000 0 fre d
010   $a   35021600 
035 0 $aocm08134841
040   $aWEL$cWEL$dHFL
110 2 $aMusée de Grenoble.
245 03$aLe Musée de Grenoble :$bpeintures, dessins, marbres, bronzes, etc. /$cpar le general de Beylié.
260   $aParis :$bLaurens,$c1909.
300   $axxx p., 205 p. of plates :$b388 ill., plan ;$c26 cm.
490 0 $aMusées et collections de France
650  0$aPainting$zFrance$zGrenoble$vCatalogs.
700 1 $aBeylié, Léon Marie Eugène de,$d1849-1910.
988   $a20020608
906   $0OCLC

