LEADER 00737nam a2200217Ii 4500
001 005000364-X
005 20020606095253.2
008 820215s1891    nyuac         000 0 eng d
035 0 $aocm08155700
040   $aKSU$cKSU$dHLS
050  4$aZ665$b.G54 1891
090   $aZ665$b.G54 1891
100 1 $aGladstone, W. E.$q(William Ewart),$d1809-1898.
245 10$aOn books and the housing of them /$cby W.E. Gladstone.
260   $aNew York :$bDodd, Mead,$c1891.
300   $a29 p. :$bplan ;$c17 cm.
650  0$aBooks.
650  0$aLibrary science.
776 08$iOnline version:$aGladstone, W. E. (William Ewart), 1809-1898.$tOn books and the housing of them.$dNew York : Dodd, Mead, 1891$w(OCoLC)894206641
988   $a20020608
906   $0OCLC

