LEADER 00858nam a2200253I  4500
001 005000365-8
005 20020606095253.2
008 820215s1898    enkac         000 0 eng  
010   $a   03000890 
035 0 $aocm08155750
040   $aDLC$cKSU$dHLS
043   $ae-uk---
050   $aZ665$b.G54
100 1 $aGladstone, W. E.$q(William Ewart),$d1809-1898.
245 10$aOn books and the housing of them /$cby W.E. Gladstone.
260   $aNew York :$bM.F. Mansfield,$c1898.
300   $a29 p. :$billus. ;$c17 cm.
650  0$aBooks.
650  0$aLibrary science.
650  0$aBook collecting$zGreat Britain.
650  0$aLibrary science$zGreat Britain.
776 08$iOnline version:$aGladstone, W. E. (William Ewart), 1809-1898.$tOn books and the housing of them.$dNew York : M.F. Mansfield, 1898$w(OCoLC)902748943
988   $a20020608
906   $0DLC

