LEADER 00549nam a2200181Ia 4500
001 005000366-6
005 20020606095253.2
008 820217s1924    ncu           000 0 eng d
035 0 $aocm08163576
040   $aNCS$cNCS$dHMZ
100 1 $aCobb, Collier,$d1862-
245 10$aOrganic evolution :$bpresented at the Reynolda Conference, June 17, 1924 /$cby Collier Cobb.
260   $aChapel Hill, N.C. :$bPrivately printed by the speaker,$c1924.
300   $a16 p. ;$c23 cm.
500   $aCover title.
650  0$aEvolution.
988   $a20020608
906   $0OCLC

