LEADER 00895nam a2200229   4500
001 005000367-4
005 00000000000000.0
008 820222s1956    wauab    b    000 0 eng  
010   $a   56063015 
035 0 $aocm08180871
040   $aDLC$cLUU$dLUU$dHBS
050 0 $aHD9235.P4$bE5
100 1 $aEngle, Nathanael H.$q(Nathanael Howard),$d1893-
245 14$aThe Alaska dry pea industry;$ba study in production, pricing, and marketing.
260   $aSeattle,$bBureau of Business Research, College of Business Administration, University of Washington,$c1956.
300   $a29 ℓ.$bmap, tables.$c28 cm.
490 1 $aBureau of Business Research, University of Washington. Occasional paper$vno.2
504   $aBibliographical footnotes.
650  0$aPeas.
830  0$aOccasional paper (University of Washington. Graduate School of Business Administration) ;$v2.
988   $a20020608
906   $0DLC

