LEADER 00763nas a2200253Ia 4500
001 005000368-2
005 20050206155718.0
008 820224d18uu18uuenkwr p       0   a0eng d
035 0 $aocm08188601
040   $aVPI$cVPI$dHLS
090   $aT1$b.E53
245 00$aEnglish mechanic and mirror of science.
246 13$aEnglish mechanic and mirror of scence and art
260   $a[London :$bG. Maddick,
300   $av. :$bill. ;$c29 cm.
310   $aWeekly
500   $aCaption title.
500   $aDescription based on: Vol. 8, no. 1 (Sept. 25, 1868) = No. 183.
650  0$aTechnology$vPeriodicals.
650  0$aIndustrial arts$vPeriodicals.
780 00$tEnglish mechanic
785 00$tEnglish mechanic and world of science
988   $a20020608
906   $0OCLC

