LEADER 00708nam a2200241Ia 4500
001 005000369-0
005 20020606095253.2
008 820304r        nyu      b    000 0 eng d
035 0 $aocm08214299
040   $aIAR$cIAR$dHHG
090   $aPR4836.C6$bH2
100 1 $aColvin, Sidney,$cSir,$d1845-1927.
245 10$aKeats /$cSidney Colvin.
260   $aNew York :$bHarper,$c[n.d.]
300   $ax, 229 p. ;$c20 cm.
440  0$aEnglish men of letters
500   $aPublisher's device on t.-p.
500   $aAuthorities: p. [v]-viii.
500   $aInscription dated: Aug. 23rd.. 1900.
504   $aIncludes bibliographical references.
600 10$aKeats, John,$d1795-1821.
988   $a20020608
906   $0OCLC

