LEADER 01020cam a2200289   4500
001 005000370-4
005 20110902190645.0
008 820222s1969    ksua     b    000 0 eng  
010   $a   77629765 //r923
035 0 $aocm08219269
040   $aDLC$cDLC$dOCL$dHMZ
043   $an-us-ks
050 00$aQE701$b.K33 no. 44$aQE778
082 00$a560 s$a562/.6$219
100 1 $aCocke, J. M.
245 10$aTaxonomic and environmental study of two dibunophyllid coral species from Upper Pennsylvanian rocks of Kansas$c[by] J. M. Cocke.
260   $a[Lawrence]$bUniversity of Kansas Paleontological Institute,$c1969.
300   $a11 p.$billus.$c25 cm.
490 1 $aThe University of Kansas paleontological contributions, paper ;$v44
500   $aCover title.
504   $aBibliography: p. 10-11.
650  0$aRugosa$zKansas.
650  0$aPaleontology$yPennsylvanian.
650  0$aPaleontology$zKansas.
830  0$aUniversity of Kansas paleontological contributions.$pPaper ;$v44.
988   $a20020608
906   $0DLC

