LEADER 00761ccm a2200229Ia 4500
001 005000371-2
005 20020606095253.2
008 820326s1925    qucfm          n    fre d
035 0 $aocm08277233
040   $aCRU$cCRU$dOCL$dHLS
090   $aM1678.G27$bC4 1925
100 1 $aGagnon, Ernest,$d1834-1915.
245 10$aChansons populaires du Canada /$crecueillies et publiées avec annotations, etc., par Ernest Gagnon.
250   $aSixième édition.
260   $aMontréal :$bBeauchemin,$c1925.
300   $a1 score (296) p. ;$c27 cm.
490 0 $aBibliothèque Canadienne. Collection Jacques Cartier
500   $aIncludes unaccompanied melodies.
650  0$aFolk songs, French$zCanada.
650  0$aFolk songs, French.
988   $a20020608
906   $0OCLC

