LEADER 01056nam a2200301 a 4500
001 005000372-0
005 20020606095253.2
008 820302s1971    maua     b    001 0 eng  
010   $a   82461527 
035 0 $aocm08282655
040   $aDLC$cDLC$dHMZ
043   $anwcu---
050 0 $aQL430.5.H45$bC57
082 0 $a594/.32$219
100 1 $aClench, William James,$d1897-1984.
245 12$aA monograph of the genera Calidviana, Ustronia, Troschelviana, and Semitrochatella (Mollusca, Archaeogastropoda, Helicinidae) in Cuba /$cWilliam J. Clench and Morris K. Jacobson.
260   $aCambridge, Mass. :$bHarvard University,$c1971.
300   $ap. 403-463 :$bill. ;$c26 cm.
440  0$aBulletin of the Museum of Comparative Zoology ;$vv. 141, no. 7
500   $aCover title.
500   $aIncludes index.
504   $aBibliography: p. 448-449.
650  0$aHelicinidae$xClassification.
650  0$aMollusks$xClassification.
650  0$aMollusks$zCuba$xClassification.
700 1 $aJacobson, Morris K.
988   $a20020608
906   $0DLC

