LEADER 01013nam a2200253 a 4500
001 005000373-9
005 00000000000000.0
008 820331s1914    enka          000 0 eng d
035 0 $aocm08295901
040   $aKSU$cKSU$dHBS$dHMM
050  4$aSB401$b.C6
100 1 $aCoghlan, H. Lake.
245 10$aCoconut cultivation and plantation machinery /$cby H. Lake Coghlan and J.W. Hinchley.
260   $aLondon :$bC. Lockwood and Son,$c1914.
300   $ax, 128 p. :$bill. ;$c18 cm.
650  0$aCoconut.
650  0$aCoconut industry.
700 1 $aHinchley, John William.
700 1 $aHinchley, John William,$eauthor.
776 08$iOnline version:$aCoghlan, H. Lake.$tCoconut cultivation and plantation machinery.$dLondon, C. Lockwood and son, 1914$w(OCoLC)855523516
830  0$aHarvard social history/business preservation microfilm project.$nProject 3 ;$v30109.$5mmf
830  0$aHarvard social history/business preservation microfilm project.$nProject 3 ;$v30109.$5mmf
988   $a20020608
906   $0OCLC

