LEADER 00874cam a2200277Ia 4500
001 005000374-7
005 20141124135126.0
008 820405s1933    enka          000 0 eng d
016 7 $a000730188$2Uk
035 0 $aocm08311563
040   $aPLF$beng$cPLF$dVPI$dOCLCQ$dAUD$dUKMGB$dOCLCF$dOCLCQ
043   $alsfk---
050 14$aQL689 F3$bC65 1933
082  4$a598.2997
100 1 $aCobb, Arthur F.
245 10$aBirds of the Falkland Islands :$ba record of observation with the camera /$cby Arthur F. Cobb.
260   $aLondon :$bWitherby,$c1933.
300   $a88 pages :$billustrations ;$c24 cm
336   $atext$btxt$2rdacontent
337   $aunmediated$bn$2rdamedia
338   $avolume$bnc$2rdacarrier
650  0$aBirds$zFalkland Islands.
650  7$aBirds.$2fast
651  7$aSouth Orkney Islands$zFalkland Islands.$2fast
988   $a20020608
906   $0OCLC

