LEADER 00461nam a2200169K  4500
001 005000375-5
005 20020606095253.2
008 820514m17791880it c          000 0 ita d
035 0 $aocm08428761
040   $aPLF$cPLF$dHLS
100 1 $aFrugoni, Carlo Innocenzo,$d1692-1768.
245 00$aPoesie ... fra gli Arcadi Comante Eginetico.
260   $aLucca,$bBonsignori,$c1779-1880.
300   $a15 v.$bpor.
650  0$aItalian language.
988   $a20020608
906   $0OCLC

