LEADER 00751cam a2200205Ia 4500
001 005000376-3
005 20020606095253.2
008 820521s1948    pau           101 0 eng d
035 0 $aocm08449374
040   $aPLF$cPLF$dTXI$dHLS
090   $aLD7501.P5$bG6 1948
111 2 $aGirard College Centennial$d(1948 :$cPhiladelphia, Pa.)
245 10$aProceedings of the Girard College Centennial /$ccompiled and edited by Owen D. Evans, Raymond I. Haskell.
260   $aPhiladelphia :$bGirard College Print Shop,$c[1948]
300   $aviii, 249 p. ;$c23 cm.
610 20$aGirard College$xCentennial celebrations, etc.
700 1 $aEvans, Owen D.$q(Owen David),$d1876-
700 1 $aHaskell, Raymond I.$q(Raymond Isaac),$d1901-
988   $a20020608
906   $0OCLC

