LEADER 00655cam a2200217Ia 4500
001 005000377-1
005 20020606095253.2
008 820524s1911    enkaf         001 0 eng d
035 0 $aocm08458138
040   $aPLF$cPLF$dUMS$dHLS
043   $ae-uk-en
090   $aDA690.S76$bG6
100 1 $aGoddard, Arthur,$d1853-1920.
245 10$aWindsor :$bthe castle of our kings and some notes concerning Eton College /$cby Arthur Goddard.
260   $aLondon :$bJarrold,$c[1911?].
300   $a160 p., [77] leaves of plates :$bill. ;$c34 cm.
500   $aIncludes index.
610 20$aWindsor Castle.
610 20$aEton College.
988   $a20020608
906   $0OCLC

