LEADER 00716naa a2200205K  4500
001 005000378-X
005 20020606095253.2
008 820526s1920    dcua          000 0 eng  
010   $af  21000011 
035 0 $aocm08462290
040   $aDLC$cVPI$dHMZ
100 1 $aCoker, R. E.$q(Robert Ervin),$d1876-1967.
245 10$aPeru's wealth-producing birds.$bVast riches in the guano deposits of cormorants, pelicans, and petrels which nest on her barren, rainless coast.$cBy R. E. Coker.
260   $aWashington$b[Judd & Detweiler]$c1920.
300   $acover-title, p. 537-566.$billus.$c26 cm.
650  0$aBirds$zPeru.
650  0$aGuano.
773 0 $tNat. Geogr. Mag.$g1920. 37. 537-566.
988   $a20020608
906   $0DLC

