LEADER 00466nam a2200181K  4500
001 005000379-8
005 20020606095253.2
008 820601n        enkaf         000 0 eng d
035 0 $aocm08481530
040   $aPLF$cPLF$dHFL
100 1 $aGreen, Benjamin Richard,$d1808-1876.
245 02$aA guide to pictorial perspective.
250   $a2d ed.
260   $aLondon,$bRowney$c[n.d.]
300   $a40 p.$billus., pl.
650  0$aPerspective.
988   $a20020608
906   $0OCLC

