LEADER 00498nam a2200181I  4500
001 005000380-1
005 20020606095253.2
008 820608s1944    at            000 0 eng d
035 0 $aocm08501457
040   $aHUH$cHUH$dHLS
090   $aPR6057.L3$bW4
100 1 $aGlassop, Lawson.
245 10$aWe were the rats,$cby Lawson Glassop.
260   $aSydney,$aLondon,$bAngus and Robertson ltd.,$c1944.
300   $a275 p.$c22 cm.
650  0$aWorld War, 1939-1945$xFiction.
988   $a20020608
906   $0OCLC

