LEADER 01703nam a2200289 a 4500
001 005000381-X
005 00000000000000.0
008 820611s1957    dcu           100 0 eng d
035 0 $aocm08511521
040   $aGZM$cGZM$dHBS
043   $an-use--
050  4$aHD1491.U62$bA115
111 2 $aNortheast Regional Conference on Research in Agricultural Cooperation$d(1957 :$cPennsylvania State University)
245 10$aProceedings of Northeast Regional Conference on Research in Agricultural Cooperation :$bthe Pennsylvania State University, University Park, Pennsylvania, November 25-26, 1957 /$cco-sponsered by American Institute of Cooperation and Farmer Cooperative Service, U.S.D.A. with cooperation of the Pennsylvania State University.
246 3 $aResearch in agricultural cooperation in northeast states
260   $aWashington, D.C.$bAmerican Institute of Cooperation,$c[1957?]
300   $a76 p. ;$c28 cm.
500   $aCover title: Research in agricultural cooperation in northeast states.
650  0$aAgriculture, Cooperative$xResearch$zNortheastern States$vCongresses.
650  0$aAgriculture, Cooperative$zNortheastern States$vCongresses.
655  7$aConference proceedings.$2fast
710 2 $aAmerican Institute of Cooperation.
710 1 $aUnited States.$bFarmer Cooperative Service.
710 2 $aPennsylvania State University.
776 08$iOnline version:$aNortheast Regional Conference on Research in Agricultural Cooperation (1957 : Pennsylvania State University).$tProceedings of Northeast Regional Conference on Research in Agricultural Cooperation.$dWashington, D.C. American Institute of Cooperation, [1957?]$w(OCoLC)624394135
988   $a20020608
906   $0OCLC

