LEADER 00695nam a2200229Ia 4500
001 005000382-8
005 20020606095253.2
008 820706s1970    maua     c    000 0 eng d
035 0 $aocm08577249
040   $aABC$cABC$dHFL
110 2 $aFogg Art Museum.
245 14$aThe Maurice Wertheim collection /$cThe Fogg Art Museum, Harvard University.
260   $a[s.l.] :$bThe Museum,$cc1970.
300   $a[17] p. :$bchiefly ill. ;$c23 cm.
500   $aCover title.
504   $aIncludes bibliography.
650  0$aArt, French$y19th century.
650  0$aArt, French$y20th century.
700 1 $aWertheim, Maurice,$d1886-
700 1 $aWertheim, Maurice,$d1886-
988   $a20020608
906   $0OCLC

