LEADER 00636nam a2200205Ia 4500
001 005000383-6
005 20020606095253.2
008 820715s1934    it aef   b    001 0 ita d
035 0 $aocm08604292
040   $aGZN$cGZN$dHFL
100 1 $aFerraironi, Francesco.
245 10$aS. Maria in Campitelli /$cFrancesco Ferraironi.
260   $a[Roma] :$bCasa Editrice "Roma",$c[1934?]
300   $a77 p. :$bill., 1 folded plan ;$c18 cm.
440  3$aLe chiese di Roma illustrate ;$v33
500   $aIncludes index.
504   $aBibliography: p. 25-29.
610 20$aS. Maria in Campitelli (Church : Rome, Italy)
988   $a20020608
906   $0OCLC

