LEADER 00596cas a2200193Ia 4500
001 005000384-4
005 20020606095253.2
008 820728u18849999mauer p       0   a0eng d
035 0 $aocm08640831
040   $aPLF$cPLF$dNYG$dHLS
245 00$aEvery other Saturday :$ba journal of select reading, new and old.
260   $aBoston, Mass. :$bEvery Other Saturday Publishing Company,$c1884-
300   $av. :$bill. ;$c36 cm.
310   $aBiweekly
362 0 $aVol. 1, no. 1 (Jan. 5, 1884)-
500   $aTitle from caption.
515   $aNo more published after vol. 2.
988   $a20020608
906   $0OCLC

