LEADER 00701nam a2200229 a 4500
001 005000385-2
005 00000000000000.0
008 820802s1957    xx            000 0 eng d
035 0 $aocm08648831
040   $aFRR$cFRR$dHBS
043   $an-us-md
050  4$aHD9137.M3$bB34
100 1 $aBaker, Henry S.
245 10$aMaryland tobacco :$bcertain aspects of a 300 year old enterprise /$cby Henry S. Baker, Jr.
260   $c1957.
300   $aiv, 65 leaves ;$c29 cm.
502   $aThesis--Rutgers University, Graduate School of Banking, 1957.
504   $aBibliography: leaves 61-62.
650  0$aTobacco$zMaryland.
710 2 $aStonier Graduate School of Banking.
988   $a20020608
906   $0OCLC

