LEADER 00898nam a2200265I  4500
001 005000386-0
005 20020606095253.2
008 820811s1958    enk      c   f000 0 eng  
010   $a   58004088 /L
015   $aGB58-12175
035 0 $aocm08678958
040   $aDLC$cSER$dSER$dUKM$dHFL
043   $ae-uk-en
050 0 $aN1320.3$b.A52
082   $a759.0838
110 2 $aNational Maritime Museum (Great Britain)
245 10$aConcise catalogue of oil paintings.
260   $aLondon,$bH.M. Stationery Off.,$c1958.
300   $a121 p.$c18 cm.
500   $aErrata slip inserted.
650  0$aPainting$zEngland$zLondon$vCatalogs.
650  0$aPainting$zEngland$zGreenwich (London)$vCatalogs.
776 08$iOnline version:$aNational Maritime Museum (Great Britain).$tConcise catalogue of oil paintings.$dLondon, H.M. Stationery Off., 1958$w(OCoLC)744513579
988   $a20020608
906   $0DLC

