LEADER 00852cam a2200241Ia 4500
001 005000387-9
005 20060307051926.0
008 820817s1706    ne af         000 0 lat d
035 0 $aocm08696677
040   $aCDS$cCDS$dOCL$dHHG
100 1 $aCommelin, Caspar,$d1667?-1731.
245 10$aCaspari Commelin ... Horti medici Amstelaedamensis plantae rariores et exoticae ad vivum aeri incisae.
246 3 $aHorti medici Amstelaedamensis plantae rariores et exoticae
260   $aLugduni Batavorum :$bApud Fredericum Haringh,$c1706.
300   $a[8], 48, p., 98 leaves of plates ;$c25 cm. (4to)
510 4 $aPritzel,$c1837
650  2$aBotany.
650  0$aBotany$vPre-Linnean works.
610 10$aAmsterdam (Netherlands).$bHortus Botanicus.
650  0$aBotany$vPictorial works.
752   $aNetherlands$dLeiden.
988   $a20020608
906   $0OCLC

