LEADER 00832cam a2200253I  4500
001 005000388-7
005 20020606095253.2
008 820824m19541955enkc         f000 0deng  
010   $a   58027722 
035 0 $aocm08715124
040   $aDLC$cSER$dSER$dOCL$dHFL
050 0 $aN7598$b.G63
082   $a757.835
110 2 $aNational Maritime Museum (Great Britain)
245 00$aPortraits at the National Maritime Museum,$cselected by E.H.H. Archibald.
260   $aLondon,$bH.M. Stationery Off.,$c1954-55.
300   $a2 v. (chiefly ports.)$c21 cm.
505 0 $aSeries I. 1570-1748.--Series II. 1748-1944.
610 10$aGreat Britain.$bRoyal Navy$vBiography.
650  0$aPortraits, British.
651  0$aGreat Britain$xBiography$xPortraits.
700 1 $aArchibald, E. H. H.$q(Edward H. H.)
988   $a20020608
906   $0DLC

