LEADER 00663nam a2200217I  4500
001 005000389-5
005 20020606095253.2
008 820913s1931    gw a          000 0 ger d
035 0 $aocm08769864
040   $aSMI$cSMI$dHFL
043   $ae-gx---
050  4$aNB197$b.H46
100 1 $aHeilmeyer, Alexander,$d1872-
245 14$aDie Plastik des 19. Jahrhunderts in München.
260   $aMünchen,$bKnorr & Hirth,$c1931.
300   $a156 p.$billus.$c25 cm.
490 1 $aKultur und Geschichte, freie Schriftenfolge des Stadtarchivs München,$vVI
650  0$aSculpture$zGermany$zMunich.
830  0$aKultur und Geschichte ;$vVI.
988   $a20020608
906   $0OCLC

