LEADER 00991nam a2200265I  4500
001 005000390-9
005 20020606095253.2
008 820929s1960    gw f     bc   000 0 ger  
010   $a   66090002 
035 0 $aocm08815382
040   $aDLC$cSER$dHFL
050 0 $aNK520.H4$bH4
110 2 $aKurpfälzisches Museum (Heidelberg, Germany)
245 10$aKunst, Handwerk, Technik ur- und frühgeschichtlicher Zeit aus Heidelberg und Südwestdeutschland;$bAusstellung des Kurpfälzischen Museums Heidelberg im Ottheinrichsbau des Schlosses vom 22. Mai bis 16. Oktober 1960.
260   $a[Heidelberg,$c1960]
300   $a96 p.$b24 plates.$c12 x 17 cm.
500   $aCatalog compiled by Christa Seewald.
500   $aAufnahmen: Horst Scharschuch.
504   $aBibliography: p. 96.
650  0$aArt objects, Ancient$vExhibitions.
651  0$aHeidelberg (Germany)$xAntiquities.
651  0$aGermany, Southern$xAntiquities.
700 1 $aSeewald, Christa.
988   $a20020608
906   $0DLC

