LEADER 01120naa a2200241I  4500
001 005000391-7
005 20020606095253.2
008 820929s1916    dcuaf        f000 0 eng c
010   $af  16000131 
035 0 $aocm08818560
040   $aLibrary, U.S. Bur. of Fisheries$cSUC$dSUC$dHMZ
043   $an-us---
100 1 $aCoker, R. E.$q(Robert Ervin),$d1876-1967.
245 04$aThe Fairport fisheries biological station: its equipment, organization, and functions.$cBy Robert E. Coker.
260   $aWashington,$bGovt. Print. Off.,$c1916.
300   $ap. 383-405.$billus., pl. LXXV-LXXXI.$c28 cm.
440  0$aBureau of Fisheries document ;$vno. 829
610 10$aUnited States.$bFisheries Biological Station, Fairport, Ia.
610 10$aUnited States.$bFisheries Biological Station, Fairport, Iowa.
773 0 $tBull. U.S. Bur. Fisher.$g1914 (1916). 34. 383-405. pl. 75-81.
776 08$iOnline version:$aCoker, R. E. (Robert Ervin), 1876-1967.$tFairport fisheries biological station: its equipment, organization, and functions.$dWashington, Govt. Print. Off., 1916$w(OCoLC)903698558
988   $a20020608
906   $0OCLC

