LEADER 00789nam a2200229I  4500
001 005000392-5
005 20020606095253.2
008 821011s1959    fr            000 0 fre  
010   $a   61022096 /L
035 0 $aocm08848545
040   $aDLC$cSOI$dHLS
050 0 $aHC240$b.G5233
100 1 $aGinestet, Pierre.
245 12$aL'Assemblée parlementaire européenne.$cAvant-propos de Robert Schuman.
250   $a[1. éd.]
260   $aParis,$bPresses universitaires de France,$c1959.
300   $a126 p.$billus.$c18 cm.
490 0 $aQue sais-je? ;$v858
610 20$aEuropean Parliament.
776 08$iOnline version:$aGinestet, Pierre.$tAssemblée parlementaire européenne.$b[1. éd.].$dParis, Presses universitaires de France, 1959$w(OCoLC)578245427
988   $a20020608
906   $0DLC

