LEADER 00857cam a2200229Ia 4500
001 005000393-3
005 20020606095253.2
008 821013s1946    fr a     b    001 0 fre d
035 0 $aocm08855291
040   $aEEM$cEEM$dHFL
100 1 $aFerry, Marcel.
245 10$aVierges comtoises :$ble culte et les images de la Vierge en Franche-Comte en particulier dans le diocese de Besancon /$cMarcel Ferry ; introduction historique de Georges Gazier.
260   $aBesançan :$bCart,$c1946.
300   $a156 p. :$bill. ;$c32 cm.
500   $aAt head of title: Abbé Marcel Ferry ...
504   $aIncludes bibliography and index.
600 00$aMary,$cBlessed Virgin, Saint$vArt.
600 00$aMary,$cBlessed Virgin, Saint$xDevotion to.
651  0$aFranche-Comté (France)$xChurch history.
700 1 $aGazier, Georges,$d1875-
988   $a20020608
906   $0OCLC

