LEADER 01166nam a2200301 a 4500
001 005000394-1
005 00000000000000.0
008 821013s1877    nyu           000 0 eng d
010   $a   07033261 
035 0 $aocm08857664
040   $aDLC$cSOI$dHBS$dHMM
043   $an-us---
050 0 $aHD8072$b.J37
100 1 $aJervis, John B.$q(John Bloomfield),$d1795-1885.
245 14$aThe question of labour and capital /$cby John B. Jervis.
260   $aNew York :$bG.P. Putnam's Sons,$c1877.
300   $a216 p. ;$c20 cm.
650  0$aLabor.
650  0$aLabor$zUnited States.
650  0$aWorking class.
650  0$aWorking class$zUnited States.
650  0$aLabor and laboring classes.
650  0$aLabor and laboring classes$zUnited States.
776 08$iOnline version:$aJervis, John B. (John Bloomfield), 1795-1885.$tQuestion of labour and capital.$dNew York, G.P. Putnam's Sons, 1877$w(OCoLC)903917992
830  0$aHarvard social history/business preservation microfilm project.$nProject 3 ;$v30537.$5mmf
830  0$aHarvard social history/business preservation microfilm project.$nProject 3 ;$v30537.$5mmf
988   $a20020608
906   $0DLC

