LEADER 00686nam a2200229Ia 4500
001 005000395-X
005 20020606095253.2
008 821015s1846    nyua          000 0 eng  
010   $a   33032468 
035 0 $aocm08864622
040   $aDLC$cYRM$dYRM$dHLS
050   $aPS549.T7$bG6
082   $a810.82
100 1 $aGoddard, Abba A.,$eeditor.
245 14$aThe Trojan sketch book,$cedited by Miss Abba A. Goddard.
260   $aTroy, N.Y.,$bYoung & Hartt,$c1846.
300   $a1 p., l., [v]-viii, [9]-180 p.$bfront.$c20 x 12 cm.
500   $aBy writers of Troy, N.Y.
650  0$aAmerican literature$zNew York (State)$zTroy.
651  0$aTroy (N.Y.)
988   $a20020608
906   $0DLC

