LEADER 00902nam a2200229 a 4500
001 005000396-8
005 00000000000000.0
008 821019s1958    fr           i000 0 eng  
010   $a   58002709 
035 0 $aocm08871824
040   $aDLC$cOCP$dHBS
050 0 $aS544$b.075
082   $a630.717
110 2 $aEuropean Productivity Agency.
245 10$aAgricultural advisory services in Europe and North America, 1957 ;$breport of the international working conference of directors and senior officers of agricultural advisory services in member and associate countries held at O. E. E. C. headquarters, Paris,in June 1957. Project no. 395/A.
260   $aParis :$bThe Agency,$c1958.
300   $a166 p. ;$c24 cm.
650  0$aAgricultural extension work$zEurope.
650  0$aAgricultural extension work$zNorth America.
710 2 $aEuropean Productivity Agency.
988   $a20020608
906   $0DLC

