LEADER 00901cas a2200253Ia 4500
001 005000397-6
005 20020606095253.2
008 821027d19391940enkmr p       0   a0eng d
035 0 $aocm08898303
040   $aVRR$cVRR$dNYS$dHLS
245 00$aEurope to-morrow /$cFriends of Europe.
246 10$aEurope tomorrow
260   $aLondon, Eng. :$bThe Friends,$c1939-1940.
300   $a4 v. ;$c28 cm.
310   $aMonthly
362 0 $aNo. 1 (Oct. 1939)-no. 4 (Jan. 1940).
500   $aTitle from caption.
500   $aAt head of title: Friends of Europe.
500   $aIssued in opposition to aggressive Nazi-Militarism and in support of a United Europe based on respect for law and for the rights of small nations.
650  0$aWorld War, 1939-1945$vPeriodicals.
710 2 $aFriends of Europe.
780 00$tMonthly survey of German publications$w(OCoLC)8898316
988   $a20020608
906   $0OCLC

