LEADER 00723nam a2200229   4500
001 005000398-4
005 00000000000000.0
008 821103s1968    sw            000 0 eng d
035 0 $aocm08916914
040   $aSOI$cSOI$dHBS
041 0 $aengfregerspa
043   $ae-sw---
050  4$aHD7106.S8$bM57
245 00$aModern trends in Swedish pension systems:$bagreements, benefits, financing, legislation, taxation.
260   $a[Stockholm,$bFederation of Swedish Industries,$c1968]
300   $a132 p.
500   $aText and title pages in English, French, German and Spanish.
650  0$aPensions$zSweden.
650  0$aSocial security$zSweden.
710 2 $aSveriges industriförbund.
988   $a20020608
906   $0OCLC

