LEADER 00683nam a2200205I  4500
001 005000399-2
005 20020606095253.2
008 821109s1925    fr       b    001 0 fre  
010   $a   31020704 
035 0 $aocm08939130
040   $aDLC$cIAT$dIAT$dHLS
050 0 $aCS89$b.G6
100 1 $aGodbout, Archange,$d1886-1960.
245 10$aOrigine des familles canadiennes-françaises,$bextrait de l'État civil français, première série,$cpar le r. p. Archange Godbout.
260   $aLille,$bSociété Saint-Augustin,$aDesclée,$bDe Brouwer & cie,$c1925.
300   $a262, [2] p.$c17 cm.
650  0$aFrench-Canadians$xGenealogy.
651  0$aFrance.
988   $a20020608
906   $0DLC

