LEADER 00955nas a2200265Ia 4500
001 005000400-X
005 20020606095253.2
008 821116u18uu9999enkwr p       0   a0eng d
035 0 $aocm08963383
040   $aNYG$cNYG$dHLS
245 00$aEnglish mechanic and world of science :$bwith which are incorporated "the Mechanic", "Scientific opinion," and the "British and foreign mechanic."
260   $a[London :$bE. J. Kibblewhite],
300   $av. :$bill. ;$c32 cm.
310   $aWeekly
500   $aDescription based on: Vol. 16, no. 407 (Jan. 10, 1873); title from caption.
515   $aNo more published after Oct. 22, 1926.
650  0$aMechanics$vPeriodicals.
780 00$tEnglish mechanic and mirror of science$w(OCoLC)8188601
785 07$tAmateur mechanic and work
785 07$tEnglish & amateur mechanics
787 0 $tMechanic
787 0 $tScientific opinion
787 0 $tBritish and foreign mechanic
988   $a20020608
906   $0OCLC

