LEADER 00696nas a2200205K  4500
001 005000401-8
005 20020606095253.2
008 821117u19359999nmu x         0    0eng d
035 0 $aocm08964366
040   $aMUU$cMUU$dHLS
090   $aE78.S7$bE8
245 00$aEthnobiological studies in the American Southwest.
260   $aAlbuquerque,$bUniversity of New Mexico,$c1935-
300   $av.$bill.$c23 cm.
362 0 $a1-
490 0 $aUniversity of New Mexico bulletin. Biological series
580   $aIssued in the University of New Mexico Bulletin, Biological series, vol. 4, no. 1-vol. 5, no. 5 (May 15, 1935-Dec. 1, 1941)
710 2 $aUniversity of New Mexico.
988   $a20020608
906   $0OCLC

