LEADER 00800nam a2200217I  4500
001 005000402-6
005 20020606095253.2
008 821118s1853    sz            000 0 fre c
010   $ae  08000819 
035 0 $aocm08967736
040   $aLibrary, U.S. Bur. of Education$cSOI$dHLS
050   $aLA939.V4$bG4
100 1 $aGindroz, André.
245 10$aHistoire de l'instruction publique dans le pays de Vaud,$cPar André Gindroz.
260   $aLausanne,$bG. Bridel,$c1853.
300   $avii, 470 p.$bfold. tab.$c22 cm.
650  0$aPublic schools$zSwitzerland$zVaud (Canton)
650  0$aPublic schools$zVaud (Canton)
776 08$iOnline version:$aGindroz, André.$tHistoire de l'instruction publique dans le pays de Vaud.$dLausanne, G. Bridel, 1853$w(OCoLC)551498224
988   $a20020608
906   $0OCLC

