LEADER 00639cas a2200217I  4500
001 005000403-4
005 20020606095253.2
008 821118d19171918fr uu         0    0fre  
010   $a   18005305 
035 0 $aocm08968427
040   $aDLC$cMUU$dMUU$dHLS
050   $aD509$b.E8
245 04$aLes Etudes de la guerre,$cpub. sous la direction de René Puaux.
260   $aParis,$bPayot & cie$c[1917-
300   $a11 v.$c23 cm.
362 0 $a[cahier 1- septembre 1917-
362 1 $aCeased publication with cahier 11/12, avril 1918.
650  0$aWorld War, 1914-1918.
700 1 $aPuaux, René,$d1878-1937.
988   $a20020608
906   $0DLC

