LEADER 00794cam a2200241 a 4500
001 005000404-2
005 20040720145212.0
008 821124s1947    cau           000 0 eng d
035 0 $aocm08987199
040   $aCPD$cCPD$dHBS
090   $aSB379.A9$bH6
100 1 $aHodgson, Robert W.$q(Robert Willard),$d1893-1966.
245 14$aThe California avocado industry /$cRobert W. Hodgson.
250   $arev. ed.
260   $aBerkeley :$bUniversity of California. College of Agriculture,$c1947.
300   $a93 p. :$bill. ;$c24 cm.
490 1 $aCalifornia Agricultural Extension Service circular ;$v43
500   $aCover title.
504   $aBibliography: p. 92-93.
650  0$aAvocado.
830  0$aCircular (California Agricultural Extension Station) ;$v43.
988   $a20020608
906   $0OCLC

