LEADER 00809cas a22002657a 4500
001 005000405-0
005 20020606095253.2
008 821124d18991923nyumr p       0   a0eng d
010   $asn 77020745 
035 0 $aocm08988875
035 0 $aocm08988875$zocm19591362
040   $aNYG$cNYG$dIUL$dOCL$dNYS$dHLS
042   $amsc
090   $aAP2$b.E9
245 00$aEverybody's magazine.
246 03$aEverybody's
260   $a[New York, N.Y. :$bNorth American Company],$c1899-1923.
300   $a48 v. :$bill. ;$c25 cm.
310   $aMonthly
362 0 $aVol. 1, [no. 1] (Sept. 1899)-v. 48, no. 4 (Apr. 1923).
500   $aTitle from masthead.
550   $aImprint varies: 1899- , North American Company; -1923, Ridgeway Company.
785 00$tEverybody's$w(OCoLC)8988861
988   $a20020608
906   $0OCLC

