LEADER 00903cam a22002531  4500
001 005000406-9
005 20090712194626.0
008 751021s1956    nyuab         000 0 eng  
010   $a   56003834 //r86
035 0 $aocm08989979
040   $aDLC$cCMC$dHMZ
050 0 $aQH1$b.A4 vol. 110, art. 6
082   $a567.9
100 1 $aColbert, Edwin H.$q(Edwin Harris),$d1905-2001.
245 10$aTriassic metoposaurid amphibians$c[by] Edwin Harris Colbert [and] John Imbrie.
260   $aNew York$b[American Museum of Natural History]$c1956.
300   $a403-452 p.$billus., maps$c27 cm.
490 1 $aBulletin of the American Museum of Natural History ;$vv. 110, article 6
650  0$aMetoposauridae.
700 1 $aImbrie, John,$ejoint author.
700 1 $aImbrie, John,$eauthor.
830  0$aBulletin of the American Museum of Natural History ;$vv. 110, article 6.
988   $a20020608
906   $0DLC

