LEADER 00565cam a22002051  4500
001 005000407-7
005 20020606095253.2
008 780615s1972    quc           000 1 fre  
010   $a   73321488 
015   $aC72-5962
035 0 $aocm08993200
035 0 $aocm08993200$zocm00919012
040   $aDLC$cCMC$dDLC$dOCL$dHLS
050 0 $aPQ3919.2.G55$bD2
100 1 $aGodbout, Jacques,$d1933-
245 10$aD'Amour, P.Q.;$broman.
260   $a[Montréal]$bHurtubise HMH;$a[Paris]$bÉditions du Seuil$c[1972]
300   $a156 p.$c19 cm.
988   $a20020608
906   $0DLC

