LEADER 00883nam a2200253I  4500
001 005000408-5
005 20020606095253.2
008 821203s1897    miuh          001 0 eng  
010   $a   02016790 
035 0 $aocm09014225
040   $aDLC$cEEM$dEEM$dHLS
043   $an-us-mi
050 0 $aE83.76$b.G54
100 1 $aGladwin, Henry,$d1730-1791
245 14$aThe Gladwin manuscripts;$bwith an introduction and a sketch of the conspiracy of Pontiac,$cby Charles Moore.
260   $aLansing, Mich.,$bRobert Smith printing co.,$c1897.
300   $a1 p. 1., p. [605]-687.$bfacsim.$c27 cm.
500   $a"Reprinted from the Michigan pioneer and historical collections, vol. 27."
650  0$aPontiac's Conspiracy, 1763-1765.
651  0$aDetroit (Mich.)$xHistory$ySiege, 1763.
655  7$aHistory.$2fast
700 1 $aMoore, Charles,$d1855-1942.
988   $a20020608
906   $0DLC

