LEADER 00555nam a2200205I  4500
001 005000409-3
005 20020606095253.2
008 830103s1927    mau           000 0 eng  
010   $a   27013095 
035 0 $aocm09094809
040   $aDLC$cTJC$dHLS
050 0 $aPR99$b.F8
100 1 $aFruit, John Phelps,$d1855-1938.
245 10$aCorrelatives of thought /$c[by] John Phelps Fruit.
260   $aBoston :$bR.G. Badger,$c1927.
300   $a197 p.$c21 cm.
650  0$aEnglish literature.
650  0$aAmerican literature.
988   $a20020608
906   $0DLC

