LEADER 00660nam a2200217   4500
001 005000410-7
005 00000000000000.0
008 830106s1957    dcu          f000 0 eng  
010   $a   57060579 
035 0 $aocm09106376
040   $aDLC$cOSU$dHBS
050   $aTP371$b.U5
082   $a607
110 1 $aUnited States.$bCommission on Increased Industrial Use of Agricultural Products.
245 10$aIntern report to the Congress, pursuant to Public law 540, 84th Congress.
260   $a[Washington?$c1957]
300   $a1 v. (various pagings)$c26 cm.
650  0$aChemurgy.
650  0$aResearch, Industrial$zUnited States.
988   $a20020608
906   $0DLC

