LEADER 00658nam a2200241I  4500
001 005000411-5
005 20060321143313.0
008 830119s1964    it ab    b    000 0 ita  
010   $a   67124201 
035 0 $aocm09144240
040   $aDLC$cIAY$dHLS
043   $ae------
050 0 $aHC240.Z9$bZ6
100 1 $aCompagna, Francesco.
245 12$aL'Europa delle regioni.
260   $aNapoli,$bEdizioni scientifiche italiane$c[1964]
300   $a253 p.$billus., maps.$c22 cm.
440  2$aL'acropoli ;$v9
504   $aBibliographical footnotes.
650  0$aEconomic zoning$zEurope.
650  0$aEconomic development.
988   $a20020608
906   $0DLC

