LEADER 00743cam a2200241 a 4500
001 005000412-3
005 20030206174004.0
008 830204s1966    dcua         f000 0 eng d
035 0 $aocm09190389
040   $aGZO$cGZO$dAGL$dHBS
043   $ae-it---
072   $aF110
086 0 $aA 67.26:174
100 1 $aBryan, Harry C.$q(Harry Cooke),$d1935-
245 14$aThe almond industry of Italy /$c[by Henry C. Bryan]
260   $a[Washington, D.C.] :$bU.S. Dept. of Agriculture, Foreign Agricultural Service,$c1966.
300   $aii, 32 p. :$bill. ;$c26 cm.
440  0$aFAS M ;$v174
500   $aCover title.
650  0$aAlmond industry$zItaly.
710 1 $aUnited States.$bForeign Agricultural Service.
988   $a20020608
906   $0OCLC

