LEADER 00834nam a2200229I  4500
001 005000413-1
005 20020606095253.2
008 830207s1935    wvuac         000 0 eng  
010   $a   36003770 
035 0 $aocm09198630
040   $aDLC$cWVU$dHLS
050 0 $aCS71.G578$b1935
082   $a929.2
100 1 $aGoddard, Charles Austin,$d1872-
245 04$aThe Samuel Goddard families, descendants of William Goddard, New England immigrant, who settled at Watertown, Massachusetts, in 1665.$cCompiled by Charles Austin Goddard ...
260   $aFayetteville, West Va.,$c1935.
300   $a1 p. ℓ., 24 (i.e. 30) p.$billus. (incl. ports.) facsim.$c24 cm.
500   $aTitle vignette: coat of arms.
500   $aSix pages of illustrations not included in pagination.
600 30$aGoddard family.
988   $a20020608
906   $0DLC

