LEADER 00768nam a2200253Ia 4500
001 005000414-X
005 20020606095253.2
008 830209s1964    fr       b    000 0 fre d
010   $a   65069949 
035 0 $aocm09207441
035 0 $aocm09207441$zocm23420048
040   $aAZU$cAZU$dEYM$dHVL
043   $ae-fr---
090   $aK7665$b.L48
100 2 $aLévy-Bruhl, Henri,$d1884-1964.
245 13$aLa preuve judiciaire :$bétude de sociologie juridique /$cHenri Lévy-Bruhl.
260   $aParis :$bMarcel Rivière,$c1964.
300   $a152 p. ;$c19 cm.
440  0$aPetite bibliothèque sociologique internationale
504   $aIncludes bibliographical references.
650  0$aEvidence (Law)
650  0$aCivil procedure.
988   $a20020608
906   $0OCLC

