LEADER 00744nam a2200253Ia 4500
001 005000415-8
005 20020606095253.2
008 830216s1966    nyu      b    001 0 eng d
035 0 $aocm09227859
035 0 $aocm09227859$zocm00779494
040   $aOBE$cOBE$dHLS
090   $aHT609$b.B6 1966b
090   $aHT609$b.B6 1966a
100 1 $aBottomore, T. B.,$d1920-1992.
245 10$aClasses in modern society /$cT. B. Bottomore.
260   $aNew York :$bVintage Books,$cc1966.
300   $a120 p. ;$c19 cm.
490 0 $aVintage book ;$vV-414
500   $aIncludes index.
500   $aFirst published in London by Allen & Unwin in 1965.
504   $aBibliography: 115-118.
650  0$aSocial classes.
988   $a20020608
906   $0OCLC

