LEADER 00846nam a2200241I  4500
001 005000416-6
005 20020606095253.2
008 830226s1912    fr            000 0 fre  
010   $a   14011741 
035 0 $aocm09261466
040   $aDLC$cFDA$dHVL
043   $ae-fr---
050 0 $aDC158.8$b.F6
100 1 $aFoiret, F.
245 14$aUne corporation parisienne pendant la révolution (les notaires)$cpar F. Foiret, avec une préface de M. Paul Viollet.
260   $aParis,$bH. Champion,$c1912.
300   $axii, 493 p.$c26 cm.
650  0$aNotaries$zFrance$zParis.
651  0$aFrance$xHistory$yRevolution, 1789-1799$xCauses.
655  7$aHistory.$2fast
776 08$iOnline version:$aFoiret, F.$tCorporation parisienne pendant la révolution (les notaires).$dParis, H. Champion, 1912$w(OCoLC)566208747
988   $a20020608
906   $0DLC

