LEADER 00907nam a2200265Ia 4500
001 005000417-4
005 20020606095253.2
008 830312s1913    gw a     b    000 0 ger d
035 0 $aocm09304866
040   $aSMI$cSMI$dHMZ
050  4$aQL675$b.C63
090   $aQL675$b.C63
100 1 $aClevisch, Anton.
245 10$aBeiträge zur Struktur und Physiologie der Vogeleischalen /$cvon Anton Clevisch.
260   $aHannover, [Germany] :$bM. & H. Schaper,$c1913.
300   $a48 p. :$bill. ;$c23 cm.
490 0 $aZeitschr. f. Oologie und Ornithologie
504   $aBibliography: p. 45-48.
650  0$aEggshells.
650  0$aBirds$xEggs.
650  0$aBirds$xNest.
650  0$aBirds$xNests.
776 08$iOnline version:$aClevisch, Anton.$tBeiträge zur Struktur und Physiologie der Vogeleischalen.$dHannover, [Germany] : M. & H. Schaper, 1913$w(OCoLC)646838183
988   $a20020608
906   $0OCLC

