LEADER 01089nam a2200277I  4500
001 005000418-2
005 20070428115107.0
008 910626s1767    nyu     s     000 0 eng d
010   $a   09015909 
035 0 $aocn612677489
035 0 $aocm23990255
035 0 $aocm09310911
040   $aDLC$cTYC$dHHG
043   $an-us-ny
050 0 $aHF3161.N7$bC7
245 04$aThe Commercial conduct of the province of New-York considered,$band the true interest of that colony attempted to be shewn. In a letter to the Society of arts, agriculture and oeconomy ...
260 0 $a[New York] :$bPrinted for the benefit of the Society of Arts, Agriculture, and Oeconomy, of New-York.,$c1767.
300   $aiv, 5-20 p.$c25 cm.
500   $aGoldsmiths'-Kress no. 10328.0, suppl.
651  0$aNew York (State)$xEconomic conditions.
710 2 $aSociety of Arts, Agriculture, and Oeconomy of New-York.
776 1 $cOriginal$w(DLC)   09019909
830  0$aEarly American imprints.$nFirst series ;$vno. 10584.$5mic
830  0$aMaking of the Modern World.$5net
988   $a20020608
906   $0DLC

