LEADER 01159nam a2200253Ia 4500
001 005000419-0
005 20020606095253.2
008 830322s1719    enk      b    000 0 eng d
035 0 $aocm09332348
040   $aDGW$cDGW$dHHG
090   $aPR1263$b.M42 1719
100 1 $aMears, William,$dactive 1713-1727.
245 12$aA compleat catalogue of all the plays that were ever yet printed in the English language :$bcontaining the dates, and the number of plays written by every particular author ...
260   $aLondon :$bPrinted for W. Mears ...,$c1719.
300   $a95, [1] p. ;$c17 cm. (12mo)
500   $aAnonymous. By William Mears.
500   $aSignatures: A-H⁶.
500   $aAlso published under title: A true and exact catalogue of all the plays that were ever yet printed in the English tongue.
500   $aAppended is the title-page to the 2d ed,, 1726, and pp. 95-104 which include the appendix to that edition.
650  0$aEnglish drama$vBibliography.
650  0$aEnglish drama$yEarly modern and Elizabethan, 1500-1600$vBibliography.
650  0$aEnglish drama$yRestoration, 1660-1700$vBibliography.
988   $a20020608
906   $0OCLC

