LEADER 00617nam a2200181 i 4500
001 005000421-2
005 00000000000000.0
008 830326s1958    nyu           000 0 eng d
035 0 $aocm09349133
040   $aIFA$cIFA$dHBS
130 0 $aIndustrial and labor relations review.
245 14$aThe Taft-Hartley act :$bafter ten years.
260   $aIthaca, N.Y. :$bState school of industrial and labor relations,$c1958.
300   $a328-412, 22 p. ;$c25 cm.
500   $aReprinted from Industrial and Labor Relations Review, v.11, no.3.
650  0$aLabor laws and legislation$zUnited States.
988   $a20020608
906   $0OCLC

