LEADER 00887nam a2200277I  4500
001 005000422-0
005 20020606095253.2
008 830408s1953    fr            000 0 fre  
010   $a   54021722 
035 0 $aocm09386960
040   $aDLC$cLUM$dHVL
043   $ae-fr---
050 00$aKJV3845$b.G69 1953
100 1 $aGoyet, Francisque.
245 13$aLe ministère public, en matière civile et en matière répressive et l'exercice de l'action publique.
250   $a3. éd.,$bmise à jour par Marcel Rousselet et Maurice Patin.
260   $aParis,$bRecueil Sirey,$c1953.
300   $a566 p.$c25 cm.
610 10$aFrance.$bMinistère public.
650  0$aPublic prosecutors$zFrance.
650  0$aCivil procedure$zFrance.
700 1 $aRousselet, Marcel,$d1893-
700 1 $aPatin, Maurice.
700 1 $aRousselet, Marcel,$d1893-$eeditor.
988   $a20020608
906   $0DLC

