LEADER 00872nam a2200229I  4500
001 005000423-9
005 20020606095253.2
008 830418s1955    fr       b    000 0 fre  
010   $a   56022735 
035 0 $aocm09420433
040   $aDLC$cLUM$dHVL
043   $ae-fr---
050 00$aKJV3949$b.L44 1955
100 1 $aLegeais, Raymond.
245 14$aLes règles de preuve en droit civil "Permanences et transformations."$cPréf. de René Savatier.
260   $aParis,$bLibrairie générale de droit et de jurisprudence,$c1955.
300   $axi, 260 p.$c25 cm.
504   $aBibliography: p. [249]-254.
650  0$aEvidence (Law)$zFrance.
776 08$iOnline version:$aLegeais, Raymond.$tRègles de preuve en droit civil "Permanences et transformations.$dParis, Librairie générale de droit et de jurisprudence, 1955$w(OCoLC)829310870
988   $a20020608
906   $0DLC

