LEADER 01179nam a2200337I  4500
001 005000424-7
005 20020606095253.2
008 830418s1955    fr            000 0 fre  
010   $a   72222466 
035 0 $aocm09420552
040   $aDLC$cLUM$dHVL
043   $ae-fr---
050 00$aKJV3892$b.M35 1955
100 1 $aMallard, Louis.
245 10$aTraité-formulaire de l'expertise judiciaire en matière civile, commerciale, criminelle, administrative et fiscale.
250   $a7. éd. refondus,$bpar Gaston Roussel [et] Pierre Hertzog. Préf. de René Morel.
260   $aParis,$bLibrairies techniques,$c1955.
300   $a661 p.$c25 cm.
500   $aFirst-6th editions published under title: Traité complet de l'expertise judiciaire.
650  0$aEvidence, Expert$zFrance.
650  0$aEvidence, Expert$zFrance$xForms.
650  0$aCivil procedure$zFrance.
650  0$aCriminal procedure$zFrance.
650  0$aForms (Law)$zFrance.
655  7$aForms.$2fast
700 1 $aRoussel, Gaston,$cabbé,$eed.
700 1 $aHertzog, Pierre,$ejoint ed.
700 1 $aRoussel, Gaston.
700 1 $aHertzog, Pierre,$eeditor.
988   $a20020608
906   $0DLC

