LEADER 00546nam a2200193I  4500
001 005000425-5
005 20020606095253.2
008 830419s1952    fr            000 0 fre  
010   $a   53017814 /L
035 0 $aocm09424311
040   $aDLC$cLUM$dHVL
100 1 $aPactet, Pierre.
245 10$aEssai d'une théorie de la preuve devant la juridiction administrative.
260   $aParis,$bA. Pedone,$c1952.
300   $a206 p.$c25 cm.
650  0$aEvidence (Law)$zFrance.
650  0$aAdministrative courts$zFrance.
988   $a20020608
906   $0DLC

