LEADER 00857cam a2200217Ia 4500
001 005000426-3
005 20110103111801.0
008 830502s1870    fr            000 0 fre d
035 0 $aocm09468471
040   $aNOC$cNOC$dHVL
090   $aDC280.5.B66$bP5 1870
245 00$aPierre Bonaparte et le crime d'Auteuil :$bétude historique, biographique, juridique et médico-légale, refermant plusieurs documents inédits.
250   $aDeuxiéme éd.
260   $aParis :$bTous les libraires de la France,$c1870.
300   $a163 p. ;$c19 cm.
500   $aDiscussion of the alleged murder of journalist Victor Noir by Napoléon Bonaparte on 10 July 1870 at Auteuil.
600 10$aBonaparte, Victor Napoléon,$cprince,$d1815-1881.
600 10$aNoir, Victor,$d1848-1870.
651  0$aFrance$xPolitics and government$y1852-1870.
988   $a20020608
906   $0OCLC

