LEADER 00794nam a2200229 a 4500
001 005000427-1
005 00000000000000.0
008 830506s1888    enk           001 0 eng d
020   $a0665169825
035 0 $aocm09485400
040   $aCaOOCIHM$cUMI$dEEU$dHBS$dHMM
245 02$aA thousand ways to earn a living.
246 14$a1000 ways to earn a living
260   $aLondon :$b"Tit Bits" Offices ;$bCarr & Co.,$c[1888?]
300   $avi, 184 p. ;$c17 cm.
500   $aIncludes index.
650  0$aOccupations.
650  0$aEmigration and immigration.
830  0$aHarvard social history/business preservation microfilm project.$nProject 3 ;$v30646.$5mmf
830  0$aHarvard social history/business preservation microfilm project.$nProject 3 ;$v30646.$5mmf
988   $a20020608
906   $0OCLC

