LEADER 00675nam a2200205Ia 4500
001 005000428-X
005 20020606095253.2
008 830526s1931    gw            000 0 ger d
035 0 $aocm09549702
040   $aUIU$cUIU$dHLS
100 1 $aGlatzle, Walter.
245 10$aÜber die Strahlensysteme, deren Mittelebenen einen Kugel einhüllen /$cvorgelegt von Walter Glatzle.
260   $aBorna-Leipzig :$bRobert Noske,$c1931.
300   $a64 p. ;$c21 cm.
500   $aLebenslauf.
502   $aThesis--Eberhard-Karls-Universität zu Tübingen, 1931.
504   $a"Literaturverzeichnis": leaf following p. 64.
650  0$aGeometry, Differential.
988   $a20020608
906   $0OCLC

