LEADER 01040nam a2200277Ii 4500
001 005000429-8
005 20020606095253.2
008 830601s1651    fr            000 0 lat d
035 0 $aocm09565619
040   $aBOL$cBOL$dHHG
050  4$aBR170$b.C734 1651
090   $aBR170$b.C734 1651
100 1 $aComnena, Anna,$d1083-
245 10$aAnnae Comnenae ... Alexias :$bsive de rebus ab Alexio imperatore vel eius tempore gestis libri quindecim; e Bibliotheca Barberina nunc primum editi et à Petro Possino...
260   $aParisiis :$be Typographia Regia,$c1651.
300   $a14 p. ℓ., 507 [53] p.$c44 cm.
500   $aTitle in Greek at head of t.p.
500   $aGreek and Latin text in parallel columns.
500   $aTitle vignette; head and tail pieces.
600 04$aAlexius I Comnenus.
700 1 $aHoeschel, David,$d1556-1617,$eed.
700 1 $aPoussines, Pierre,$d1609-1686,$eed.
700 1 $aHoeschel, David,$d1556-1617,$eeditor.
700 1 $aPoussines, Pierre,$d1609-1686,$eeditor.
988   $a20020608
906   $0OCLC

