LEADER 00923cam a2200253 a 4500
001 005000430-1
005 20040126145932.0
008 830602s1956    dcu      b   f001 0 eng  
010   $aagr56000217 
035 0 $aocm09570996
040   $aDLC$cCNO$dCNO$dAGL$dHBS
050 1 $aS21$b.A45 no. 713
072   $aP210
100 1 $aDavis, Elizabeth Gould,$d1910-
245 10$aDrainage of agricultural land :$ba bibliography of selected references /$ccompiled by Elizabeth Gould Davis and Marie L. Gould.
260   $aWashington, D.C. :$bU.S. Dept. of Agriculture,$c1956.
300   $aiv, 200 p. ;$c23 cm.
490 1 $aMiscellaneous publication / United States Department of Agriculture ;$vno. 713
500   $aIncludes index.
650  0$aDrainage$vBibliography.
700 1 $aGould, Marie L.
830  0$aMiscellaneous publication (United States. Department of Agriculture) ;$vno. 713.
988   $a20020608
906   $0DLC

