LEADER 01251nam a22002897  4500
001 005000431-X
005 00000000000000.0
008 830606s1966    fr a     b    000 0 eng d
015   $aGB67-3818
035 0 $aocm09581315
040   $aCNO$cCNO$dUKM$dHBS
082 04$a338.1765$218
100 1 $aHeady, Earl Orel,$d1916-
245 10$aInterdisciplinary research in input/output relationships and production functions to improve decisions and efficiency for poultry production;$ban outline of concepts and methods for joint technical/economic studies,$cby Earl O. Heady, Stanley Balloun [and] Robert J. Townsley.
246 3 $aPoultry production
260   $a[Paris]$bOrganisation for Economic Cooperation and Development$c[1966]
300   $a125 p.$billus.$c24 cm.
490 1 $aDocumentation in agriculture and food. 1966 series,$vno. 81
500   $aCover title: Co-operative research on input/output relationships in poultry production.
504   $aBibliography: p. 119-121.
650  0$aPoultry industry.
700 1 $aBalloun, S. L.
700 1 $aTownsley, Robert J.
710 2 $aOrganisation for Economic Co-operation and Development.
830  0$aDocumentation in agriculture and food ;$vno. 81.
988   $a20020608
906   $0OCLC

