LEADER 00827nam a2200241Ia 4500
001 005000432-8
005 20070618205650.0
008 830609s1890    fr            000 0 fre d
035 0 $aocm09591999
040   $aIXA$cIXA$dHLS
050  4$aML50.G63$bD36 1890
090   $aML50.G63$bD36 1890
100 1 $aGodard, Benjamin,$d1849-1895.
240 10$aDante.$sLibretto
245 10$aDante :$bopéra en quatre actes /$cparoles de Édouard Blau ; musique de Benjamin Godard.
260   $aParis :$bC. Lévy,$c1890.
300   $a5 [i.e. 45] p. ;$c19 cm.
650  0$aOperas$vLibrettos.
600 00$aDante Alighieri,$d1265-1321.
700 1 $aBlau, Edouard,$d1836-1906.
776 08$iOnline version:$aGodard, Benjamin, 1849-1895.$sDante. Libretto.$tDante.$dParis : C. Lévy, 1890$w(OCoLC)902974808
988   $a20020608
906   $0OCLC

