LEADER 01081nam a2200253I  4500
001 005000433-6
005 20020606095253.2
008 830617s1838    enk           000 0 eng d
035 0 $aocm09617126
040   $aIXA$cIXA$dHLS
043   $anw-----
050  4$aHT1093$b.G522
090   $aHT1093$b.G522
100 1 $aGladstone, W. E.$q(William Ewart),$d1809-1898.
245 10$aSpeech delivered in the House of Commons on the motion of Sir George Strickland,$bfor the abolition of the negro apprenticeship, March 30, 1838, with an appendix.
260   $aLondon :$bJ. Hatchard and Son,$c1838.
300   $a2 p. l., 64 p. ;$c21 cm.
650  0$aFreedmen$zWest Indies, British.
650  0$aSlavery$zWest Indies, British.
650  0$aApprentices$zWest Indies, British.
650  0$aBlacks$zWest Indies, British$xSocial conditions.
776 08$iOnline version:$aGladstone, W.E. (William Ewart), 1809-1898.$tSpeech delivered in the House of Commons on the motion of Sir George Strickland.$dLondon : J. Hatchard and Son, 1838$w(OCoLC)665225824
988   $a20020608
906   $0OCLC

