LEADER 00581nam a2200193Ia 4500
001 005000434-4
005 20020606095253.2
008 830624s1939    fr            000 1 rus d
035 0 $aocm09642688
040   $aUUM$cUUM$dHLS
090   $aPG3476.G475$bZ53 1939
100 1 $aGinger, Aleksandr,$d1897-1965.
245 10$aZhaloba i torzhestvo :$btretʹi︠a︡ kniga stikhov /$cAleksandr Ginger.
260   $aParizh :$bDom knigi,$c1939.
300   $a43 p. ;$c17 cm.
490 0 $aSeriia Russkie poety ;$vvyp. 6
500   $aEdition limited to 200 copies.
988   $a20020608
906   $0OCLC

