LEADER 01839nam a2200325 a 4500
001 005000435-2
005 20020606095253.2
008 941123s1867    sp a         |000|0|spa|d
035 0 $aocm38565791
100 1 $aSantigosa, Carlos.
245 13$aEl pendolista universal, ó sea, Bellezas de la caligrafía :$bobra de suma utilidad para la juventud española, dada á luz en vista de las mas grandes publicaciones caligraficas españolas y estrangeras.
246 3 $aBellezas de la caligrafía
260   $a[Sevilla :$bLitografia de las Novedades,$c1867?]
300   $a88, [2] leaves :$bill. ;$c22 x 32 cm.
500   $aCover title.
500   $aDedication signed: Carlos Santigosa.
500   $aSeveral leaves are dated 1867.
500   $aEach part has divisional t.p.
505 0 $aEl pendolista universal, primera parte : contiene las escrituras frances y italiano (leaves 1-3, 31-39) -- Curso completo de muestras del caracter de letra bastarda española / por D. Ramon Hernandez (leaves 4-11) -- Bellezas de la escritura inglesa segun se enseña en Inglaterra y en los Estados Unidos / por J.W. Halsey y Herm.s (leaves 12-30) -- Bellezas de la caligrafia, segunda parte : contiene los caracteres de adorno como son: gotico, aleman, romano, griego, floreos y cifras de enlace (leaves 40-78, 81-84) -- Cifras de enlace / por J.W. Halsey (leaves 79-80, 85-88).
500   $aSee Cotarelo y Mori, E. Calígrafos españoles, II, p. 248.
650  0$aCopybooks.
650  0$aPenmanship.
650  0$aAlphabets.
655  7$aWriting books$zSpain$zSeville$y1867.$2rbgenr
655  7$aAlphabet books$zSpain$zSeville$y1867.$2rbgenr
700 1 $aHernandez, Ramon.$tCurso completo de muestras del caracter de letra bastarda española.
700 1 $aHalsey, J.W.
752   $aSpain$dSeville.
988   $a20020608
906   $0MH

