LEADER 00877nam a2200253I  4500
001 005000436-0
005 20020606095253.2
008 830709s1960    gw f          000 0 ger  
010   $a   61049288 
035 0 $aocm09687943
040   $aDLC$cIDU$dHFL
050   $aNC1145.H4$bL59
100 1 $aHegenbarth, Josef,$d1884-1962.
245 10$aEwiges Vorbild;$bZeichnungen zum Alten und Neuen Testament.$cEinführende Worte von Jan Dobraczyński. [Hrsg. und mit einem Nachwort versehen von Fritz Löffler]
260   $aBerlin,$bUnion Verlag,$c1960.
300   $a98 p.$b41 plates.$c38 cm.
500   $aIncludes selections from the Bible.
630 00$aBible$xIllustrations.
655  7$aIllustrations.$2fast
700 1 $aLöffler, Fritz,$d1899-$eed.
700 1 $aDobraczyński, Jan,$d1910-
700 1 $aLöffler, Fritz,$d1899-1988,$eeditor.
988   $a20020608
906   $0DLC

