LEADER 00625naa a2200217I  4500
001 005000437-9
005 20020606095253.2
008 830711s1899    xx af         000 0 fre d
035 0 $aocm09692071
040   $aSMI$cSMI$dHMZ
090   $aQL666.O6$bC63 1899
100 1 $aCligny, Adolphe.
245 10$aVertêbres et coeurs lymphatiques des Ophidiens.
260   $aLille,$bL. Danel,$c1899.
300   $a121 p.$billus., plates.$c26 cm.
502   $aThèse--Paris.
650  0$aSnakes.
650  0$aReptiles$xAnatomy.
773 0 $tBull. sci. France et Belgique.$g32. 1899. 341-461. pls. 5-9.
988   $a20020608
906   $0OCLC

