LEADER 00472nam a2200169Ia 4500
001 005000438-7
005 20020606095253.2
008 830712s1957    fr            000 1 rus d
035 0 $aocm09695578
040   $aUUM$cUUM$dHLS
090   $aPG3476.G475$bV47 1957
100 1 $aGinger, Aleksandr,$d1897-1965.
245 10$aVestʹ :$bchetvertai︠a︡ kniga stikhov /$cAleksandr Ginger.
260   $aParizh :$bRifma,$c1957.
300   $a35 p. ;$c18 cm.
988   $a20020608
906   $0OCLC

