LEADER 00949aam a2200265 a 4500
001 005000439-5
005 20020606095253.2
008 920131s1991    ck       b    000 0 spa  
010   $a   92111831 
035 0 $aocm25746947
040   $aDLC$cDLC
043   $as-ck---
050 00$aKHH3022$b.F47 1991
082 00$a341.4/81$220
100 2 $aFernández de Zubiría, Jaime.
245 10$aDerecho de privacidad, derecho internacional y derechos humanos /$cJaime Fernández de Zubiría.
260   $aSanta Fe de Bogotá, D.C. :$bFacultad de Ciencias Jurídicas y Socioeconómicas, Pontificia Universidad Javeriana,$c1991.
300   $a164 p. ;$c23 cm.
500   $aOriginally presented as the author's thesis--Pontificia Universidad Javeriana.
504   $aIncludes bibliographical references (p. 161-164).
650  0$aPrivacy, Right of$zColombia.
650  0$aPrivacy, Right of.
650  0$aHuman rights.
988   $a20020608
906   $0DLC

