LEADER 01206nam a2200289K  4500
001 005000440-9
005 20020606095253.2
008 830812s1877    enk           000 0 eng d
035 0 $aocm45506710
035 0 $aocm09804922
040   $aCIL$cCIL$dHLS
043   $ae-bu---
050 00$aDR573$b.G55
090   $aJX5221$b.M8
100 1 $aGladstone, W. E.$q(William Ewart),$d1809-1898.
245 10$aLessons in massacre; or, The conduct of the Turkish government in and about Bulgaria since May, 1876.$bChiefly from the papers presented by command.$cBy the Right Hon. W.E. Gladstone.
246 30$aLessons in massacre
246 30$aConduct of the Turkish government in and about Bulgaria since May, 1876
260   $aLondon,$bJ. Murray,$c1877.
300   $a80 p.
501   $aBound with: Handbook of Maritime Rights.
650  0$aBulgarian Massacres, 1876-1877.
651  0$aBulgaria$xHistory$yUprising, 1876.
655  7$aHistory.$2fast
776 08$iOnline version:$aGladstone, W.E. (William Ewart), 1809-1898.$tLessons in massacre; or, The conduct of the Turkish government in and about Bulgaria since May, 1876.$dLondon, J. Murray, 1877$w(OCoLC)612907948
988   $a20020608
906   $0OCLC

