LEADER 00691nam a2200241I  4500
001 005000441-7
005 20020606095253.2
008 830829s1944    ag            000 0 spa c
010   $aa  44004584 //r51
035 0 $aocm09859257
040   $aHarvard Univ. Library$cCUS$dHLS
050 0 $aJC571$b.F7
082   $a321.8
100 1 $aFrugoni, Emilio,$d1880-1969.
245 14$aLas tres dimensiones de la democracia.
260   $aBuenos Aires,$bEditorial Claridad$c[1944]
300   $a169 p., 3 ℓ.$c21 cm.
490 1 $aColección Claridad,$vv. 187
650  0$aDemocracy.
650  0$aLiberty.
830  0$aColección Claridad (Buenos Aires, Argentina)
988   $a20020608
906   $0MH

