LEADER 00773nam a2200241I  4500
001 005000442-5
005 20020606095253.2
008 830908s1929    fr            000 0bfre  
010   $a   31022097 
035 0 $aocm09886196
040   $aDLC$cSER$dSER$dHFL
050 0 $aN61$b.F4
082   $a701
100 1 $aFerrero, Leo,$d1903-1933.
245 00$aLéonard de Vinci, ou L'œuvre d'art,$cpar Leo Ferrero; précédé d'une étude, Léonard et les philosophies, de Paul Valéry ...
260   $aParis,$bÉditions Kra$c[1929]
300   $a3 p. ℓ., 11-239, [1] p., 1 ℓ.$c20 cm.
490 0 $aCollection XXe siècle$v[III]
600 00$aLeonardo,$cda Vinci,$d1452-1519.
650  0$aAesthetics.
700 1 $aValéry, Paul,$d1871-1945.
988   $a20020608
906   $0DLC

