LEADER 00572cam a2200217I  4500
001 005000443-3
005 20020606095253.2
008 830919s1969    gw ach        000 0 ger  
010   $a   70575046 
015   $aGDB***
035 0 $aocm09921456
040   $aDLC$cSUC$dSUC$dOCL$dHLS
050   $aNX451.5.B3$bF7
100 1 $aFründt, Edith.
245 10$aReise in das Barock.
250   $a[1. Aufl.]
260   $a[Leipzig]$bPrisma Verlag$c[1969]
300   $a236 p.$billus. (part col.), facsims, ports.$c21 cm.
650  0$aArts, Baroque.
988   $a20020608
906   $0DLC

