LEADER 00741nam a2200229I  4500
001 005000444-1
005 20020606095253.2
008 830928s1900    nyu      b    000 0 eng c
010   $aa  10001796 
035 0 $aocm09956967
040   $aColumbia Univ. Libraries$cVAL$dHLS
100 1 $aGlasson, William Henry,$d1874-1946.
245 10$aHistory of military pension legislation in the United States.
260   $aNew York,$c1900.
300   $a137 p.$c25 cm.
500   $aVita.
500   $aPublished also as Studies in history, economics and public law, v. 12, no. 3.
502   $aThesis (Ph.D.)--Columbia University.
504   $aBibliography: p. 134-135.
650  0$aMilitary pensions$zUnited States.
988   $a20020608
906   $0OCLC

