LEADER 00816nam a2200217Ia 4500
001 005000445-X
005 20020606095253.2
008 831001s1963    ru       b    000 0 rusod
035 0 $aocm09972722
040   $aUIU$cUIU$dHLS
043   $ae-ur-ru
100 1 $aFrumenkov, G. G.$q(Georgiĭ Georgievich)
245 10$aIz istorii ssylki v Solovetskiĭ monastyrʹ v XVIII veke /$cG. Frumenkov.
260   $aArkhangelʹsk :$bArkhangelʹskoe knizh. izd-vo,$c1963.
300   $a94 p. ;$c20 cm.
500   $aAt head of title: Arkhangelʹskiĭ gosudarstvennyĭ pedagogicheskiĭ institut imeni M.V. Lomonosova.
504   $aIncludes bibliographical references.
610 20$aSolovetskiĭ stavropigialʹnyĭ monastyrʹ (Solovetski Islands, R.S.F.S.R.)
650  0$aExiles$zRussia (Federation)
988   $a20020608
906   $0OCLC

