LEADER 00644cas a2200205K  4500
001 005000446-8
005 20020606095253.2
008 831006d1uuu197ugw  x m       0    0ger d
035 0 $aocm09989686
040   $aCNO$cCNO$dIUL$dHLS
090   $aD411$b.B5
245 00$aEuropäische Schriften des Bildungswerks Europäische Politik.
260   $aKöln,$bEuropa Union Verlag.
300   $av.$c21 cm.
310   $aIrregular
650  0$aEuropean cooperation.
710 2 $aBildungswerk Europäische Politik.
785 00$tEuropäische Schriften des Instituts für Europäische Politik$w(DLC) 74645489$w(OCoLC)1794557
988   $a20020608
906   $0OCLC

