LEADER 00678nam a2200205Ia 4500
001 005000447-6
005 20060228151453.0
008 831027s1912    enka          000 0 eng d
035 0 $aocm10063371
040   $aBUF$cBUF$dHHG
100 1 $aDe la Mare, Walter,$d1873-1956.
245 12$aA child's day :$ba book of rhymes /$cby Walter De La Mare ; to pictures by Carine and Will Cadby.
260   $aLondon :$bConstable and Company :$bChiswick Press,$c1912.
300   $a56, [4] p. :$bill. (mounted) ;$c25 cm.
500   $aThe illustrations are photographs.
510 4 $aBook League,$cA23.
710 2 $aChiswick Press.
752   $aEngland$dLondon.
988   $a20020608
906   $0OCLC

