LEADER 00751nam a2200229 a 4500
001 005000448-4
005 00000000000000.0
008 831031s1965    dcu      b   f000 0 eng d
035 0 $aocm10078429
040   $aAFU$cAFU$dHBS
110 1 $aUnited States.$bAgricultural Research Service.$bMarket Quality Research Division.
245 12$aA review of literature on harvesting, handling, storage, and transportation of apples.
260   $a[Washington],$c1965.
300   $aiv, 215 p. ;$c26 cm.
490 0 $a[U. S. Agricultural Research Service] ARS 54-4
500   $aCover title.
504   $aIncludes bibliographies.
650  0$aApples$xResearch.
650  0$aApples$vAbstracts.
650  0$aApples$vBibliography.
988   $a20020608
906   $0OCLC

