LEADER 00468nam a2200169K  4500
001 005000449-2
005 20020606095253.2
008 831112s1958    gw f          000 0 ger d
035 0 $aocm10124418
040   $aCIN$cCIN$dHFL
100 1 $aGreifenhagen, Adolf,$d1905-
245 14$aDas Mädchen von Beröa.
260   $aBremen,$bDorn$c[1958]
300   $a19 p.$bplates.$c21 cm.
440  0$aOpus nobile,$pMeisterwerke der antiken Kunst,$vHeft 9
988   $a20020608
906   $0OCLC

