LEADER 00635nam a2200205 a 4500
001 005000450-6
005 00000000000000.0
008 831114s1957    dcua         f000 0 eng d
010   $a   57060594 
035 0 $aocm10127719
040   $aAFU$cAFU$dHBS
110 1 $aUnited States.$bCommission on Increased Industrial Use of Agricultural Products.
245 10$aReport to the Congress.
260   $aWashington :$bU.S. Govt. Print. Off.,$c1957.
300   $axvii, 135 p. :$btables ;$c24 cm.
490 0 $a85th Cong., 1st sess. Senate. Document ;$vno. 45
500   $a"Final report."
650  0$aChemurgy.
988   $a20020608
906   $0OCLC

