LEADER 01051cam a2200301 a 4500
001 005000451-4
005 20020606095253.2
008 831031s1977    fr a     c   l000 0 fre  
010   $a   82135442 //r83
035 0 $aocm10146087
040   $aDLC$cDLC$dHFL
043   $ae-ne---$ae-fr---
050 0 $aNC261$b.M87 1977
082 0 $a741.9492/074/0499$219
110 2 $aMusée de Grenoble.
245 10$aDessins hollandais du Musée de Grenoble /$cMarcel Roethlisberger et Catherine Meyer.
260   $a[Grenoble] :$bLe Musée,$c1977.
300   $a46 p. :$bill. ;$c21 cm.
500   $aAnnouncement of an exhibition held June 10-July 30, 1979 at the Musée Municipal, Cholet, [1] l., inserted.
504   $aIncludes bibliographical references.
610 20$aMusée de Grenoble$vCatalogs.
650  0$aDrawing, Dutch$vCatalogs.
650  0$aDrawing$y17th century$zNetherlands$vCatalogs.
700 1 $aRoethlisberger, Marcel,$d1929-
700 1 $aMeyer, Catherine.
710 2 $aMusée Municipal de Cholet.
988   $a20020608
906   $0DLC

