LEADER 01097nam a2200289Ia 4500
001 005000452-2
005 20020606095253.2
008 831121s1913    enka          000 0 eng d
035 0 $aocm39724482
035 0 $aocm10149501
040   $aIXA$cIXA$dHHG
090   $aPR6007.E3$bO453 1913
100 1 $aDe la Mare, Walter,$d1873-1956.
245 14$aThe old men /$cWalter de la Mare.
260   $aLondon :$bA.T. Stevens for Flying Fame,$c[1913]
300   $a1 broadside :$bill. ;$c30 x 16 cm.
490 0 $aFlying Fame publications
500   $a"Twopence, plain. Fourpence, coloured"--Head of sheet.
500   $a"One thousand copies of each were printed towards the end of 1913"--Millard, C. Printed work of C.L. Fraser, p.4.
500   $aDecorations by C. Lovat Fraser. Cf. Millard, p. 1.
500   $aSigned: Walter De La Mare.
500   $aIn box with other Flying Fame publications.
510 4 $aMillard, C. Printed work of C.L. Fraser,$c28
510 4 $aMillard, C. Printed work of C.L. Fraser,$c29
700 1 $aFraser, Claud Lovat,$d1890-1921.
988   $a20020608
906   $0OCLC

