LEADER 01030nam a2200253 a 4500
001 005000453-0
005 00000000000000.0
008 831121s1896    ilua          000 0deng d
010   $a   09002334 
035 0 $aocm10149620
040   $aDLC$cMHS$dHBS$dHMM
043   $an-us-il
050 0 $aTS1971.C5$bG7
100 1 $aGrand, W. Joseph.
245 10$aIllustrated history of the Union Stockyards :$ba sketch-book of familiar faces and places at the yards : not forgetting reminiscences of the yards ... /$cby W. Jos. Grand ; illustrations from photographs by O. Benson, Jr.
260   $aChicago :$bT. Knapp Ptg. & Bdg. Co.,$cc1896.
300   $a362 p. :$bill. ;$c20 cm.
610 20$aUnion Stock Yard & Transit Company of Chicago.
650  0$aHorses.
650  0$aVeterinary medicine.
650  0$aStockyards$zIllinois$zChicago.
776 08$iOnline version:$aGrand, W. Joseph.$tIllustrated history of the Union Stockyards.$dChicago : Thos. Knapp Ptg. & Bdg. Co., ©1896$w(OCoLC)562377733
988   $a20020608
906   $0DLC

