LEADER 00744nam a2200181K  4500
001 005000454-9
005 20020606095253.2
008 831206s1891    enkacfh       000 0deng d
035 0 $aocm10191161
040   $aBUF$cBUF$dHLS
090   $aPN2597$b.G6
100 1 $aGoddard, Arthur,$d1853-1920.
245 10$aPlayers of the period.$bA series of anecdotal, biographical, and critical monographs of the leading English actors of the day.$cBy Arthur Goddard, with numerous illustrations by "Alma," Fred. Barnard ... etc., photographs of the subjects and autograph quotations ...
260   $aLondon,$bDean & Son,$c1891.
300   $a2 v. in 1.$billus. (incl. facsims.) plates, ports.$c21 cm.
650  0$aActors, English.
988   $a20020608
906   $0OCLC

