LEADER 01293cam a2200301I  4500
001 005000455-7
005 20020606095253.2
008 831214s1910    enkfc         000 0 eng d
035 0 $aocm10219224
040   $aMBB$cMBB$dOCL$dHLS
043   $ae-uk---
050  4$aDA563$b.A75
090   $aDA563$b.A75
100 1 $aGladstone, W. E.$q(William Ewart),$d1809-1898
245 10$aCorrespondence on church and religion of William Ewart Gladstone;$cselected and arranged by D. C. Lathbury, with portraits and illustrations.
260   $aLondon,$bJ. Murray,$c1910.
300   $a2 v.$bfronts., plates, ports.$c23 cm.
600 10$aGladstone, W. E.$q(William Ewart),$d1809-1898$vCorrespondence.
650  0$aPrime ministers$zGreat Britain$vCorrespondence.
650  0$aChurch and state$zGreat Britain.
650  0$aOxford movement.
651  0$aGreat Britain$xReligion$y19th century.
655  7$aRecords and correspondence.$2fast
700 1 $aLathbury, D. C.$q(Daniel Conner),$d1831-1922,$eed.
700 1 $aLathbury, D. C.$q(Daniel Conner),$d1831-1922,$eeditor.
776 08$iOnline version:$aGladstone, W.E. (William Ewart), 1809-1898.$tCorrespondence on church and religion of William Ewart Gladstone.$dLondon, J. Murray, 1910$w(OCoLC)729494971
988   $a20020608
906   $0OCLC

