LEADER 00867cam a2200265 a 4500
001 005000456-5
005 00000000000000.0
008 831216s1957    dcuab    b   f000 0 eng  
010   $aagr58000022 
035 0 $aocm10227679
040   $aDLC$cIEJ$dAGL$dHBS
043   $an-us---
050   $aS21$b.A74 no.180
072   $aE200
100 1 $aBrewster, John M.$q(John Monroe),$d1904-1965.
245 10$aFarm resources needed for specified income levels /$c[by John M. Brewer].
260   $aWashington, D.C. :$bAgricultural Research Service, U.S. Dept. of Agriculture,$c1957.
300   $a67 p. :$bill., 1 map ;$c26 cm..
440  0$aAgriculture information bulletin ;$vno. 180
500   $aCover title.
504   $aIncludes bibliographical references.
650  0$aIncome$zUnited States.
650  0$aFarms$zUnited States.
988   $a20020608
906   $0DLC

