LEADER 01319cam a2200337 a 4500
001 005000457-3
005 00000000000000.0
008 831221s1958    dcua     b   f000 0 eng d
035 0 $aocm10240223
040   $aIEJ$cIEJ$dAGL$dHBS
043   $an-us---
050  4$aS21$b.A74 no.202
072   $aJ500
100 1 $aIbach, D. B.$q(Donald Bryan),$d1900-
245 14$aThe economic position of fertilizer use in the United States /$cby D.B. Ibach and R.C. Lindberg.
260   $aWashington, D.C. :$bU.S. Dept. of Agriculture, Agricultural Research Service,$c1958.
300   $a31 p. :$bill. ;$c27 cm.
440  0$aAgriculture information bulletin ;$vno. 202
504   $aIncludes bibliographical references.
505 0 $aSummary. pp. 3.
505 0 $aIntroduction. pp. 4.
505 0 $aCurrent fertilizer practice, by crops. pp. 5.
505 0 $aProduction from current acreage and projected needs. pp. 12.
505 0 $aAcreage-fertilizer combinations for U.S. production and projected needs. pp. 14.
505 0 $aMeeting projected needs at minimum unit cost. pp. 19.
505 0 $aOptimum use of limited quantities of fertilizer. pp. 25.
650  0$aFertilizers$zUnited States.
650  0$aCrop yields.
700 1 $aLindberg, R. C.$q(Richard Charles),$d1928-
988   $a20020608
906   $0OCLC

