LEADER 00755nam a2200229I  4500
001 005000458-1
005 20020606095253.2
008 840104m19629999sw       b   f000 0 swe  
010   $a   65042252 
035 0 $aocm10264284
040   $aDLC$cHDC$dHLS
050 0 $aHC241.2$b.S94
110 1 $aSweden.$bKommerskollegium.
245 10$aEuropeiska ekonomiska gemenskapen.
260   $aStockholm,$bHandelsdepartementet,$c1962-
300   $av.$c25 cm.
500   $aNo more published.
504   $aBibliography: v. 1, p. [211]-212.
505 0 $a[1] Redogörelse för Romfördraget och dess tillämpning.--2. Utredningar rörande Romfördragsbestämmelser sedda ur svensk synvinkel.
610 20$aEuropean Economic Community.
988   $a20020608
906   $0DLC

