LEADER 00590nam a2200169Ka 4500
001 005000459-X
005 20080418112202.0
008 840110s1858    fr            000 0 fre d
035 0 $aocm10282240
040   $aDGU$cDGU$dHLS
100 2 $aGodard-Faultrier, V.$q(Victor)
245 10$aD'Angers au Bosphore pendant la guerre d'Orient :$bConstantinople, Athènes, Rome ... : souvenirs d'Anjou à Malte, Naples /$cpar M. V. Godard-Faultrier.
260   $aParis :$bL. Maison,$c1858.
300   $aiii, 559 p. :$bill. ;$c28 cm.
651  0$aTurkey$xDescription and travel.
988   $a20020608
906   $0OCLC

