LEADER 01375aam a2200361 a 4500
001 005000460-3
005 20020606095253.2
008 930902s1992    rh a     b    000 0 eng  
010   $a   93981943 
020   $a0797411437
035 0 $aocm31902980
040   $aDLC$cDLC
043   $af-rh---
050 00$aRA644.A25$bJ293 1992
060 00$a1995 K-560
060 10$aWC 503.2$bJ12a 1992
082 00$a362.1/969792/0096891$220
100 1 $aJackson, Helen.
245 10$aAIDS home care :$ba baseline survey in Zimbabwe /$c[researched and compiled by Helen Jackson, Kate Mhambi ; editor, Viola Zimunya].
260   $aKopje, Harare, Zimbabwe :$bJournal of social development in Africa, School of Social Work,$cc1992.
300   $a48 p. :$bill. ;$c30 cm.
490 1 $aResearch series / Research Unit, School of Social Work ;$vno. 3
504   $aIncludes bibliographical references (p. 37-38).
650  0$aAIDS (Disease)$xPatients$xHome care$zZimbabwe.
650 12$aAcquired Immunodeficiency Syndrome$xtherapy$zZimbabwe.
650 22$aHome Care Services$zZimbabwe.
650 22$aProgram Evaluation$zZimbabwe.
700 1 $aMhambi, Kate.
700 1 $aZimunya, Viola.
730 0 $aJournal of social development in Africa.
830  0$aResearch series (School of Social Work (Harare, Zimbabwe). Research Unit) ;$vno. 3.
988   $a20020608
906   $0DLC

