LEADER 01063nam a2200229Ia 4500
001 005000461-1
005 20020606095253.2
008 840111s1899    pau           000 0 eng d
035 0 $aocm10287224
040   $aRHI$cRHI$dHHG
090   $aG103$b.L7 1895
130 0 $aLippincott's gazetteer of the world.
245 12$aA complete pronouncing gazetteer or geographical dictionary of the world :$bcontaining notices of over one hundred and twenty-five thousand places, with recent and authentic information respecting the countries, islands,rivers, mountains, cities, towns, etc., in every portion of the globe /$coriginally edited by Joseph Thomas.
250   $aNew rev. ed., amplified by a series of statistical tables.
260   $aPhiladelphia, Pa. :$bJ. B. Lippincott Co.,$c1895.
300   $a2 v. (2894 p.) ;$c27 cm.
500   $aA re-issue of the 1893 ed., with new t.-p. and slight changes in preface, etc.
500   $aPaged continuously.
650  0$aGeography$xDictionaries.
700 1 $aThomas, Joseph,$d1811-1891.
988   $a20020608
906   $0OCLC

