LEADER 00627cam a2200193Ia 4500
001 005000462-X
005 20120611101226.0
008 840113s1958    mx a          000 0 spa d
035 0 $aocm10297621
035 0 $aocm10297621$zocm19872632
040   $aSNM$cSNM$dOCL$dHLS
090   $aPQ7297.G45$bP6
100 2 $aGiner de los Ríos, Francisco,$d1917-1995.
245 10$aPoemas mexicanos de Francisco Giner de los Ríos /$ccon los dibujos de Ricardo Martínez.
260   $aMexico :$bUniversidad Nacional Autónoma,$c1958.
300   $a123 p. :$bill. ;$c25 cm.
700 1 $aMartínez, Ricardo,$d1918-
988   $a20020608
906   $0OCLC

