LEADER 01594nam a2200337 a 4500
001 005000463-8
005 20060307051926.0
008 950307s1994    fr abcj  bc  l001 0dfre d
020   $a2879001846 :$c390 F
035 0 $aocm32853974
035 1 $aMAHA95B330
040   $aMH-FA$cMH-FA
043   $ae-fr---
050 00$aNE650.P7$bA4 1994
100 1 $aLothe, José.
245 12$aL'œuvre gravé de François et Nicolas de Poilly d'Abbeville :$bgraveurs parisiens du XVIIe siècle : catalogue général /$cJosé Lothe ; préface de Marc Fumaroli.
260   $aParis :$bCommission des travaux historiques de la ville de Paris :$bEditions des Musées de la ville de Paris,$c1994.
300   $axxv, 387 p. :$bill., geneal. table, map, ports. ;$c35 cm.
440  0$aHistoire générale de Paris
500   $aAt head of title: Histoire générale de Paris.
504   $aIncludes bibliographical references (p. 9-20) and index.
600 10$aPoilly, François de,$d1623-1693$xCatalogues raisonnés.
600 10$aPoilly, Nicolas de,$d1627-1696$xCatalogues raisonnés.
655  7$aCatalogs.$2fast
700 1 $aPoilly, François de,$d1623-1693.
700 1 $aPoilly, Nicolas de,$d1627-1696.
700 1 $aFumaroli, Marc.
710 1 $aParis (France).$bCommission des travaux historiques.
776 08$iOnline version:$aLothe, José.$tŒuvre gravé de François et Nicolas de Poilly d'Abbeville, graveurs parisiens du XVIIe siècle.$dParis : Commission des travaux historiques de la Ville de Paris : Diffusion, Paris-Musées, 1994$w(OCoLC)742447525
988   $a20020608
906   $0MH

