LEADER 00985cam a2200241 a 4500
001 005000464-6
005 20080912205600.0
008 840213s1960    at a          000 0 eng d
035 0 $aocm10409925
040   $aCLA$cCLA$dKFP$dHBS
090   $aTC922$b.A35
100 1 $aJarrett, F. G.$q(Frank G.)
245 13$aAn economic survey of the reclaimed area of the lower Murray /$cF. G. Jarrett, D. H. Penny.
260   $aAdelaide,$bGriffin Press,$c1960.
300   $a63 p. :$bill. ;$c21 cm.
500   $a"A joint undertaking by the South Australian Department of Agriculture and the Economics Department of the University jof Adelaide."
650  0$aReclamation of land$zAustralia$zMurray River Valley (N.S.W.-S. Aust.)
650  0$aDairy farms$zAustralia$zMurray River Valley (N.S.W.-S. Aust.)
700 1 $aPenny, David Harry.
710 2 $aUniversity of Adelaide.$bDepartment of Economics.
710 1 $aSouth Australia.$bDepartment of Agriculture.
988   $a20020608
906   $0OCLC

