LEADER 01048cam a2200277 a 4500
001 005000465-4
005 20040126145932.0
008 840220s1960    dcu      b   f001 0 eng d
035 0 $aocm10435990
040   $aAFU$cAFU$dAGL$dHBS
043   $an-us---
050 0 $aZ881.U4$bL5 no.68
072   $aN200$aX200
100 1 $aDavis, Elizabeth Gould,$d1910-
245 14$aThe economics of farm mechanization in the United States, 1950-1960 /$c[compiled by Elizabeth Gould Davis].
260   $aWashington, D.C. :$bU.S. Dept. of Agriculture, Library,$c1960.
300   $a16 p. ;$c26 cm.
490 1 $aLibrary list / United States Department of Agriculture Library ;$vno. 68
500   $aIncludes index.
650  0$aFarm mechanization$zUnited States$vBibliography.
650  0$aFarm mechanization$zUnited States$vAbstracts.
700 1 $aDavis, Elizabeth Gould,$d1910-
710 2 $aNational Agricultural Library (U.S.)
830  0$aLibrary list (United States. Department of Agriculture. Library) ;$vno. 68.
988   $a20020608
906   $0OCLC

