LEADER 00771cam a2200217 a 4500
001 005000466-2
005 20040126145933.0
008 840220s1954    dcu          f000 0 eng d
035 0 $aocm10435997
040   $aAFU$cAFU$dHBS
050 0 $aZ881.U4$bL5 no.41, sup.1
100 1 $aDavis, Elizabeth Gould,$d1910-
245 10$aBibliography on cooperation in agriculture, 1946-1953.
260   $aWashington :$b[s.n.],$c1954.
300   $a21 p. ;$c27 cm.
490 0 $aU.S. Dept. of Agriculture. Library ;$vLibrary list no.41, sup.1
500   $aContinues Library list 41, by H.B. Turner and F.C. Bell.
650  0$aAgriculture, Cooperative$vBibliography.
700 1 $aTurner, Howard Booth,$d1908-$tBibliography on cooperation in agriculture.
988   $a20020608
906   $0OCLC

