LEADER 00637nam a2200205 a 4500
001 005000467-0
005 20020606095253.2
008 840323q19001984fr a          000 0 fre d
035 0 $aocm10556033
040   $aSMI$cSMI$dHLS
245 00$aAuvergne, Bourbonnais, Velay /$cintroduction de Jean Ajalbert.
260   $a[Paris :$bHachette,$c19--]
300   $a69 p. :$bchiefly ill.;$c31 cm.
440  0$aPays de France ;$v18
651  0$aAuvergne (France)$xPictorial works.
651  0$aBourbonnais (France)$xPictorial works.
651  0$aVelay (France)$xPictorial works.
700 1 $aAjalbert, Jean,$d1863-
988   $a20020608
906   $0OCLC

