LEADER 00652cam a2200205K  4500
001 005000468-9
005 20020606095253.2
008 840402m19571959lu            000 0 ger d
035 0 $aocm10585214
040   $aLYU$cLYU$dOCL$dHLS
041 0 $agerdutfreita
110 2 $aEuropean Parliamentary Assembly.$bSecretariat.
245 14$aDer gemeinsame Markt: Bibliographie.
260   $a[Luxemborg,$c1957-59]
300   $a3 v.$c23 cm.
500   $aTitle and text in German, French, Italian and Dutch.
500   $aBd. 1 issued by the European Coal and Steel Community.
610 20$aEuropean Economic Community$xBibliography.
988   $a20020608
906   $0OCLC

