LEADER 00785nam a2200205   4500
001 005000469-7
005 00000000000000.0
008 840411s1920    inua          000 0 eng  
010   $a   20014847 
035 0 $aocm10619327
040   $aDLC$cTMN$dHBS
050 0 $aSB252$b.W4
100 1 $aWegerly, La Fayette.
245 10$aStukenborg mechanical cotton picking machine,$bthe key to southern progress,$cby L. F. Wegerly.
260   $aIndianapolis,$aChicago [etc.]$bCotton Picker company of America$c[c1920]
300   $a96 p.$billus.$c23 cm.
650  0$aCotton machinery.
776 08$iOnline version:$aWegerly, La Fayette.$tStukenborg mechanical cotton picking machine.$dIndianapolis, Chicago Cotton Picker Company of America [©1920]$w(OCoLC)894795906
988   $a20020608
906   $0DLC

