LEADER 00474nam a2200181K  4500
001 005000470-0
005 20020606095253.2
008 840503m19621963it c          000 0 ita d
035 0 $aocm10688518
040   $aCSF$cCSF$dHLS
090   $aPQ4817.I75$bA19 1962xp
100 1 $aGiovaninetti, Silvio,$d1902-1962.
245 00$aTeatro.
260   $aRoma,$bEdizioni di "Arcoscenico"$c[1962-63]
300   $a2 v.$bport.
490 0 $aTeatro contemporaneo
988   $a20020608
906   $0OCLC

