LEADER 00514nam a2200193I  4500
001 005000471-9
005 20100805160844.0
008 840509s1935    fr            000 0 fre d
035 0 $aocm10709020
040   $aBOL$cBOL$dHVL
043   $af-ae---
090   $aKG100$b.M38
100 1 $aMaunier, René,$d1887-
245 10$aCoutumes algeriennes.
260   $aParis :$bDomat-Montchrestien,$c1935.
300   $a4 p. l., [11]-202 p., 1 l.$c22 x 17 cm.
650  0$aCustomary law$zAlgeria.
988   $a20020608
906   $0OCLC

