LEADER 01037nam a2200253La 4500
001 005000472-7
005 20020606095253.2
008 840320s1936    mauacf   bc   000 0 eng d
035 0 $aocm10717694
040   $aRBN$cRBN$dHFL
043   $ae-gx---
110 2 $aHarvard University.$bGermanic Museum.
245 10$aCatalogue of the Germanic Museum exhibition of German paintings of the fifteenth and sixteenth centuries :$blent from American collections ; Harvard University tercentenary celebration, June 5 to September 30, 1936.
246 3 $aGerman art 1450 to 1550.
260   $a[Cambridge, Mass. :$bThe Museum,$c1936].
300   $a14 p., 11 p. of plates :$bill., ports. ;$c24 cm.
500   $aCover title: German art 1450 to 1550.
500   $aIntroduction signed: Charles L. Kuhn.
504   $aIncludes bibliographical references.
650  0$aPainting, German$vExhibitions.
650  0$aPainting, German$xPrivate collections$zUnited States$vExhibitions.
700 1 $aKuhn, Charles Louis.
988   $a20020608
906   $0OCLC

