LEADER 00618cam a2200217Ia 4500
001 005000473-5
005 20020606095253.2
008 840515s1978    it       b    000 0 ita d
035 0 $aocm10732944
040   $aGZM$cGZM$dHFL
043   $ae-gr---
050  4$aNK4645$b.F4 1978
100 1 $aFerrari, Anna.
245 12$aI vasi calcidesi :$bproblemi di pittura greca del VI secolo A.C. /$cAnna Ferrari.
260   $aTorino :$bG. Giappichelli,$c[1978]
300   $a106 p. ;$c25 cm.
504   $aBibliography: p. [101]-106.
650  0$aVases, Greek.
650  0$aVase-painting, Greek.
988   $a20020608
906   $0OCLC

