LEADER 00658nam a2200205I  4500
001 005000474-3
005 20020606095253.2
008 840515s1881    quc           000 0 fre  
010   $a   18007457 
035 0 $aocm10734047
040   $aDLC$cDRB$dDRB$dHLS
050 0 $aPQ3919.G5$bA9 1881
100 1 $aGingras, Apollinaire,$d1847-1935.
245 10$aAu foyer de mon presbytère;$bpoèmes et chansons.
260   $aQuébec,$bImpr. A. Coté et cie,$c1881.
300   $a3 p. ℓ., [ix]-xiv, 258 p.$c15 x 12 cm.
500   $aAt head of title: M. l'abbé Apollinaire Gingras.
500   $aMelodies of the songs indicated by title.
988   $a20020608
906   $0DLC

