LEADER 00723nam a2200241Ia 4500
001 005000475-1
005 20020606095253.2
008 840521s1966    gm           f000 0 eng d
035 0 $aocm10758049
040   $aBOS$cBOS$dHLS
043   $af-gm---
090   $aHC1070$b.G35 1966M
110 1 $aGambia.
245 10$aRevision of the development programme, 1964/1967 /$cthe Gambia.
260   $a[Bathurst] :$bThe Gambia,$c[1966?]
300   $a14 p. ;$c25 cm.
490 1 $aSessional paper ;$vno. 1 of 1966
500   $aCover title.
651  0$aGambia$xEconomic policy.
651  0$aGambia$xSocial policy.
830  0$aSessional paper (Gambia. House of Representatives) ;$v1966, no. 1.
988   $a20020608
906   $0OCLC

