LEADER 00524nam a2200181Ia 4500
001 005000476-X
005 20120611101459.0
008 840524s1941    mx            000 0 spa c
010   $aa  42001396 
035 0 $aocm10771553
040   $aHarvard Univ. Library$cFXG$dHLS
050   $aPQ7297.G45$bP3
100 2 $aGiner de los Ríos, Francisco,$d1917-1995.
245 10$aPasión primera, y otros poemas.
260   $aMéxico,$bTierra nueva$c[1941]
300   $a4 p. ℓ., 13-33 p., 3 ℓ.$bpl.$c16 cm.
988   $a20020608
906   $0MH

