LEADER 01234nam a2200253 a 4500
001 005000477-8
005 00000000000000.0
008 840525s1957    nmu          s000 0 eng d
035 0 $aocm10774894
040   $aNMS$cNMS$dHBS
100 1 $aGray, James R.
245 10$aSouthwestern sheep ranches :$borganization, costs, and returns, 1940-56 /$cJames R. Gray.
260   $a[State College] :$bAgricultural Experiment Station, New Mexico College of Agriculture and Mechanic Arts,$c1957.
300   $a20 leaves ;$c29 cm.
490 1 $aResearch report / Agricultural Experiment Station, New Mexico College of Agriculture and Mechanic Arts ;$v7
500   $aCover title.
500   $a"In cooperation with the Farm Economics Research Division, Agricultural Research Service, U. S. Department of Agriculture."
650  0$aSheep ranches$zSouthwest, New.
650  0$aSheep$xEconomic aspects$zSouthwest, New.
710 1 $aUnited States.$bAgricultural Research Service.$bFarm Economics Research Division.
710 1 $aNew Mexico.$bAgricultural Experiment Station, State College.
830  0$aResearch report (New Mexico College of Agriculture and Mechanic Arts, Agricultural Experiment Station) ;$v7.
988   $a20020608
906   $0OCLC

