LEADER 00660cam a2200229K  4500
001 005000478-6
005 20020606095253.2
008 840529s1884    fr            000 0 fre d
035 0 $aocm10781310
040   $aDRB$cDRB$dOCL$dHLS
100 1 $aGirard, Jules,$d1825-1902.
245 00$aÉtudes sur l'eloquence attique,$cpar Jules Girard ... Lysias, Hypéride, Demosthène.
250   $a2. éd.
260   $aParis,$bHachette et Cie,$c1884.
300   $axii, 305 p.$c19 cm.
505 0 $aLysias -- Hypéride -- Démosthène.
600 00$aLycias.
600 00$aHyperides.
600 00$aDemosthenes.
650  0$aOrators, Greek.
988   $a20020608
906   $0OCLC

