LEADER 00418nam a2200157K  4500
001 005000479-4
005 20020606095253.2
008 840601s1919    quc           000 0 fre d
035 0 $aocm10794610
040   $aDRB$cDRB$dHLS
100 0 $aGinerva,$cpseud.
245 10$aEn relisant les vieilles pages.
260   $aQuébec,$b"Le Soleil" limitée,$c1919.
300   $a3 p. ℓ., [9]-239 p.$c20 cm.
988   $a20020608
906   $0OCLC

