LEADER 00669cam a2200205 a 4500
001 005000480-8
005 00000000000000.0
008 840605s1951    ilua         l000 0 eng d
035 0 $aocm10806399
040   $aAGN$cAGN$dOCL$dHBS
050  4$aSB205.S7$bC5
110 2 $aChicago Board of Trade.
245 14$aThe story of soybeans, soybean oil, soybean meal :$btheir uses and products /$cPrepared and distributed by the Public Relations Department.
260   $aChicago, Ill. :$bThe Board of Trade of the City of Chicago,$c1951.
300   $a32 p. :$bill. ;$c21 cm.
650  0$aSoybean.
650  0$aSoy oil.
650  0$aSoybean meal.
988   $a20020608
906   $0OCLC

