LEADER 00716nam a2200193La 4500
001 005000481-6
005 20020606095253.2
008 840425s1873    mauaef        000 0 eng d
035 0 $aocm10830742
040   $aRBN$cRBN$dHHG
110 2 $aConcord Free Public Library (Concord, Mass.).
245 00$aDedication of the new building for the Free Public Library of Concord, Massachusetts, Wednesday, Oct. 1, 1873.
260   $aBoston [Mass.] :$bTolman & White ...,$c1873.
300   $a45 p., [3] leaves of plates :$bill., plans ;$c22 cm.
500   $aAddress by Ralph Waldo, p. 37-45.
610 20$aConcord Free Public Library (Concord, Mass.)
700 12$aEmerson, Ralph Waldo,$d1803-1882.
988   $a20020608
906   $0OCLC

