LEADER 00503cam a2200181K  4500
001 005000482-4
005 20020606095253.2
008 840618s1884    fr            000 0 fre d
035 0 $aocm10853878
040   $aDRB$cDRB$dOCL$dHLS
100 1 $aGirard, Jules,$d1825-1902.
245 00$aEssai sur Thucydide ...
260   $aParis,$bHachette,$c1884.
300   $a2 p. ℓ., xvi, 298 p.$c19 cm.
500   $a"Ouvrage couronné par l'Academie française."
600 00$aThucydides.
988   $a20020608
906   $0OCLC

