LEADER 00688nam a2200205Ia 4500
001 005000483-2
005 20020606095253.2
008 840709s1960    quc           000 0 fre d
035 0 $aocm10926342
040   $aVTU$cVTU$dHLS
050  4$aPQ3919.2.G6$bC4
100 1 $aGodbout, Jacques,$d1933-
245 10$aC'est la chaude loi des hommes /$cJacques Godbout.
260   $a[Montréal] :$bEditions de l'Hexagone,$cc1960.
300   $a67 p. ;$c20 cm.
500   $aPoems.
650  0$aFrench-Canadian poetry.
776 08$iOnline version:$aGodbout, Jacques, 1933-$tC'est la chaude loi des hommes.$d[Montréal] : Editions de l'Hexagone, ©1960$w(OCoLC)632461257
988   $a20020608
906   $0OCLC

