LEADER 01670cam a2200349 a 4500
001 005000484-0
005 20080627213700.0
008 840723s1960    dcu          f000 0 eng c
010   $aagr60000086 
035 0 $aocm10976387
040   $aU.S. Dept. of Agr. Libr.$cAAU$dAGL$dHBS
043   $an-us---
050 0 $aS21$b.A46 no. 816
072   $aA500
082   $a630.72
245 03$aAn Evaluation of agricultural research :$breport of Committee on Research Evaluation.
260   $aWashington, D.C. :$bU.S. Dept. of Agriculture,$c1960.
300   $aiv, 64 p. ;$c26 cm.
490 1 $aMiscellaneous publication / United States Department of Agriculture ;$vno. 816
505 0 $a1. Objectives for agricultural research. pp. 1.
505 0 $a2. Basic premises. pp. 7.
505 0 $a3. Conclusions and recommendations. pp. 17.
505 0 $aName of Task Group members. pp. 63.
505 0 $aOrganization abbreviations. pp. 64.
520 3 $aThis report represents an appraisal of the present public research program in agriculture, forestry, home economics, and veterinary medicine, together with recommendations concerning the goals it should seek to achieve.
520 3 $aThis study is concerned with the contribution of research toward attaining and maintaining a balanced, progressive, and prosperous agriculture.
650  0$aAgriculture$xResearch$zUnited States.
710 1 $aUnited States.$bDepartment of Agriculture.$bCommittee on Research Evaluation.
710 1 $aUnited States.$bAgricultural Research Service.
830  0$aMiscellaneous publication (United States. Department of Agriculture) ;$vno. 816.
988   $a20020608
906   $0OCLC

