LEADER 00894cam a2200265 i 4500
001 005000485-9
005 20024617123543.0
008 840807s1972    ko a          000 0 kor  
010   $a72825507
035 0 $aocm11025293
040   $aDLC$cOCl$dOCoLC$dMH-HY$dCStRLIN
050 00$aGR342$b.P32
100 1 $6880-01$aPak, Yŏng-jun,$d1911-1976.
245 10$6880-02$aHan'guk ŭi chŏnsŏl /$cPak Yŏng-jun pʻyŏn.
260   $6880-03$a[Sŏul] :$bHan'guk Munhwa Tʻosŏ Chʻulpʻansa,$c[1972]
300   $a10 v. :$bill. ;$c27 cm.
500   $aAdded English title on spine: Korean folk stories.
650  0$aLegends$zKorea.
650  0$aTales$zKorea.
740 0 $aKorean folk stories.
880 1 $6100-01$a朴榮濬,$d1911-1976.
880 10$6245-02$a韓国의傅說 /$c朴榮濬編.
880   $6260-03$a[서울] :$b韓國文化圖書出版社,$c[1972]
988   $a20021207
906   $0DLC

