LEADER 00883cam a2200229Ia 4500
001 005000486-7
005 20020606095253.2
008 840809s1879    sp            000 0 spa d
035 0 $aocm11035765
040   $aNOC$cNOC$dHHG
050  4$aPQ6217$b.T443 v. 30, no. 7
090   $aPQ6217$b.T443 v. 30, no. 7
100 1 $aCompte, Claudio.
245 10$aLola y Pepito :$bjuguete cómico en un acto y en prosa /$coriginal de C.C. de Altimiras.
260   $aMadrid :$bImpr. de D. Valero,$c1879.
300   $a24 p. ;$c19 cm.
500   $aAt head of title: Administración Lírico-dramática.
500   $aPublisher's address on cover: Madrid. Sevilla, 14, principal. 1879.
500   $aNo. 10 in v. 2 of a collection of Spanish plays.
776 08$iOnline version:$aCompte, Claudio.$tLola y Pepito.$dMadrid : Impr. de D. Valero, 1879$w(OCoLC)758727329
988   $a20020608
906   $0OCLC

