LEADER 01410nam a2200313I  4500
001 005000487-5
005 20020606095253.2
008 840828s1880    fr a     b    000 0 fre d
035 0 $aocm11100028
040   $aBOL$cBOL$dHLS
043   $ae------
050  4$aKJC1127$b.G59 1880
050  4$aK84$b.G549.2 1880
090   $aK84$b.G549.2 1880
100 1 $aGlasson, Ernest Désiré,$d1839-1907.
245 13$aLe mariage civil et le divorce dans l'antiquité et dans les principales législations modernes de l'Europe :$bétude de législation comparée précédée d'un aperçu sur les origines du droit civil moderne.
250   $a2. éd., revue et considérablement augmentée.
260   $aParis :$bA. Durand et Pedone-Lauriel,$c1880.
300   $aiii, 539 p. :$bfold. table.
490 0 $aÉtudes de législation comparée.$vI.
504   $aBibliographical footnotes.
650  0$aCivil law$zEurope.
650  0$aMarriage law$zEurope.
650  0$aDivorce$zEurope.
650  0$aComparative law.
650  0$aCivil marriage$xLaw and legislation$zEurope.
776 08$iOnline version:$aGlasson, Ernest-Désiré, 1839-1907.$tMariage civil et le divorce dans l'antiquité et dans les principales législations modernes de l'Europe.$b2e éd., rev. et considérablement augm.$dParis : A. Durand et Pedone-Lauriel : G. Pedone-Lauriel, 1880$w(OCoLC)903904656
988   $a20020608
906   $0OCLC

