LEADER 01020nam a2200241Ia 4500
001 005000488-3
005 20020606095253.2
008 840829q19001984enkaf         000 0 eng d
035 0 $aocm11100638
040   $aOBE$cOBE$dHLS
043   $ae-uk-en
050  4$aNA5471.G55$bB6 1900z
090   $aNA5471.G55$bB6 1900z
100 1 $aBond, Frederick Bligh,$d1864-1945.
245 00$aGlastonbury Abbey :$bits history, antiquity and ruins : including an account of recent excavations /$crevised by F. Bligh Bond, with new ground plan and illustrations, also an interesting account of the British lake villiage discovered in 1892.
246 3 $aGuide book to Glastonbury Abbey.
260   $aWells :$bClare,$c[19--]
300   $a72 p., 4 leaves of plates :$bill. ;$c19 cm.
500   $aCover title: Guide book to Glastonbury Abbey.
610 20$aGlastonbury Abbey.
776 08$iOnline version:$aBond, Frederick Bligh, 1864-1945.$tGlastonbury Abbey.$dWells : Clare, [19--]$w(OCoLC)894086875
988   $a20020608
906   $0OCLC

