LEADER 01091nam a2200277K  4500
001 005000489-1
005 20020606095253.2
008 840830s1966    nyua          000 0 eng d
035 0 $aocm11107617
040   $aBOS$cBOS$dHHG
090   $aPN6071.C6$bC6 F66
110 2 $aComposing Room, Inc.$cNew York.
245 12$aA collection of figures rhetorical and grammatical with best wishes for a happy holiday season from The Composing Room & The Photocomposing Room.
260   $aNew York,$c1966.
300   $a1 v. (unpaged)$billus.$c16 cm.
490 1 $aTypophile monographs,$v83A
500   $aCover title.
500   $a" ... a typographical journey among some fascinating figures of language anacoenosis to Zeugma."
500   $aAt head of cover-title: *from 'A Christmas carol' by Charles Dickens.
500   $aOn back cover: Happy holiday 1966.
500   $aEach of the figures is printed in a different type-face.
650  0$aGift books.
700 1 $aDickens, Charles,$d1812-1870.$tChristmas carol.
830  0$aTypophiles monograph ;$v83A
988   $a20020608
906   $0OCLC

