LEADER 00730nam a2200205Ia 4500
001 005000490-5
005 20020606095253.2
008 840904s1786    nyu           000 0 eng d
035 0 $aocm11117897
040   $aTYC$cTYC$dHHG
090   $aHF3025$b.C7
245 04$aThe Commercial conduct of the United States of America considered :$band the true interest thereof /$cattempted to be shewn by a citizen of New-York.
260   $aNew-York :$bPrinted by S. and J. Loudon for the author and given to the public gratis,$c1786.
300   $a21 p. ;$c21 cm.
510 4 $aEvans$c19566
651  0$aUnited States$xCommerce.
700 0 $aCitizen of New-York.
752   $aUnited States$bNew York$dNew York.
988   $a20020608
906   $0OCLC

