LEADER 00681nam a2200229 a 4500
001 005000491-3
005 00000000000000.0
008 840904s1960    enka          001 0 eng d
015   $aGB61-3874
035 0 $aocm11118243
040   $aCOD$cCOD$dUKM$dHBS
082 04$a334.683$218
100 1 $aEaton, Richard James.
245 10$aTransport management in the agricultural co-operative /$cby R.J. Eaton.
260   $aOxford :$bB. Blackwell,$c1960.
300   $aix, 192 p. :$bill. ;$c19 cm.
500   $aIncludes index.
650  0$aAgriculture, Cooperative.
650  0$aFarm produce$xTransportation.
650  0$aFarm equipment$xTransportation.
988   $a20020608
906   $0OCLC

