LEADER 00719nam a2200229K  4500
001 005000492-1
005 20100927204846.0
008 840913s1967    fr       b    000 0 fre d
035 0 $aocm11151625
040   $aGZM$cGZM$dHVL
090   $aHQ72.F7$bL3
100 1 $aLaplatte, C.
245 12$aL'outrage public à la pudeur et la contravention d'affiches indécentes$c[par] C. Laplette.
260   $aTroyes,$bÉditions la Renaissance,$c1967.
300   $a226 p.$c21 cm.
490 0 $aCollection des problèmes juridiques du XXe siècle
500   $aErrata slip inserted.
504   $aBibliographical footnotes.
650  0$aSex crimes$zFrance.
650  0$aIndecent exposure$zFrance.
988   $a20020608
906   $0OCLC

