LEADER 00634cas a2200229I  4500
001 005000493-X
005 20020606095253.2
008 841001d196619uunyutr         0    0eng d
035 0 $aocm11214811
040   $aEEM$cEEM$dHLS
090   $aBJ1545$b.E8
245 00$aEthical impact.
260   $aNew York,$bAmerican Ethical Union.
300   $av.$bill.
362 0 $av. 1- ; Spr. 1966-
515   $aCeased publication?
550   $aPublished by the American Ethical Union.
650  0$aConduct of life$vPeriodicals.
650  0$aHumanistic ethics$vPeriodicals.
710 2 $aAmerican Ethical Union.
988   $a20020608
906   $0OCLC

