LEADER 01107nam a2200253Ia 4500
001 005000494-8
005 20020606095253.2
008 841022s1918    fr            000 0 fre d
010   $a   19019086 //r23
035 0 $aocm11293524
035 0 $aocm11293524$zocm23407543
040   $aVXW$cVXW$dEYM$dHLS
050 0 $aDA962$b.T7
100 1 $aGoblet, Y. M.$q(Yann Morvran),$d1881-1955.
245 12$aL'Irlande dans la crise universelle :$b(du 3 août, 1914 au 25 juillet, 1917) /$cpar Louis Tréguiz.
260   $aParis :$bF. Alcan,$c1918?
300   $avi, 279 p. ;$c23 cm.
440  0$aBibliothèque d'histoire contemporaine
505 0 $aL'évolution des méthodes politiques (1893-1914)--L'Irlande avec les alliés (depuis le août 1914)--La crise revolutionnaire (août 1914-avril 1916)--Les tentatives constitutionnelles (mai 1916-juillet 1917)--Conclusion. L'Irlande dans la crise universelle.--Appendice: Proclamation de la république.
650  0$aIrish question.
650  0$aWorld War, 1914-1918$zIreland.
651  0$aIreland$xHistory$yEaster Rising, 1916.
988   $a20020608
906   $0OCLC

