LEADER 00849nam a2200217K  4500
001 005000495-6
005 20020606095253.2
008 841023s1559    it a          000 0 lat d
035 0 $aocm11296476
040   $aORE$cORE$dHHG
041 1 $alat$hita
090   $aPA6375.C6$bD4
100 1 $aColumella, Lucius Junius Moderatus.
245 10$aLvtio Givnio Moderato Colvmella De l'agricoltvra.$bLibri XII.$cTrattato de gli alberi del medesimo, tradotto nuouamente di latino in lingua italiana per Pietro Lauro Mdonese.
260   $a[Vignette] In Venetia,$bPer G. Caualcalouo,$c1559.
300   $a7 p. ℓ., 263 numb. ℓ.$billus. diag.$c16 cm.
500   $aLeaves [64, 171] erroneously numbered 94 and 161.
500   $aSignatures: [ornament]⁷, A-Z⁸, AA-II⁸, KK⁷.
650  0$aAgriculture$vEarly works to 1800.
988   $a20020608
906   $0OCLC

