LEADER 01549nam a2200313I  4500
001 005000496-4
005 20020606095253.2
008 841026s1678    fr c          000 0 lat  
010   $a   32002194 
035 0 $aocm11313710
040   $aDLC$cDRB$dDRB$dHHG
050  4$aPA8485$b.C73 1678
082   $a879.1
090   $aPA8485$b.C73 1678
100 1 $aCommire, Jean,$d1625-1702.
245 00$aJoannis Commirii e Societate Jesu Carminum libri tres:$bad celsissimum principem Ferdinandum, episcopum paderbornensem, &c.
246 3 $aDe arte parandæ famæ oratio.
246 3 $aCarminum libri tres.
260   $aLutetiæ Parisiorum,$bapud Simonem Benard,$cM.DC.LXXVIII.
300   $a2 p. ℓ., 236 (i.e. 238) p., 1 ℓ.$bfront., port.$c30 cm.
500   $aTitle vignette: S. Benard's device, with motto "Svaviter et fortiter", and arms of Ferdinand von Fürstenberg, bp. of Paderborn; head and tail pieces.
500   $aHalf-title to "liber III" (following p. 138) not included in the paging.
500   $a"De arte parandæ famæ oratio": p. 215-236.
500   $aSuperexlibris: arms of Ferdinand II von Fürstenberg, bp. of Paderborn.
500   $aL.C. copy without frontispiece and portrait of Ferdinand, bp. of Paderborn. found in some copies. cf. Bibl. nat. Cat.
500   $a[Ex bibliotheca R. Toinet]
776 08$iOnline version:$aCommire, Jean, 1625-1702.$tJoannis Commirii e Societate Jesu Carminum libri tres.$dLutetiæ Parisiorum, apud Simonem Benard, M. DC. LXXVIII$w(OCoLC)897771143
988   $a20020608
906   $0DLC

