LEADER 00694nam a2200217 a 4500
001 005000497-2
005 00000000000000.0
008 841029s1965    pau      b    000 0 eng d
035 0 $aocm11321560
040   $aEYR$cEYR$dHBS
043   $an-us---
100 1 $aMiller, Richard Bradford,$d1927-
245 10$aCivil rights and your employment practices /$cby Richard B. Miller.
260   $aSwarthmore, Pa. :$bPersonnel Journal,$cc1965.
300   $a39 leaves ;$c28 cm.
504   $aBibliography: leaf 39.
650  0$aDiscrimination in employment$xLaw and legislation$zUnited States.
650  0$aAfrican Americans$xEmployment.
730 0 $aPersonnel journal.
988   $a20020608
906   $0OCLC

