LEADER 00633nam a2200193Ia 4500
001 005000498-0
005 20020606095253.2
008 841031s1966    be c          000 0 eng d
035 0 $aocm11333574
040   $aBOL$cBOL$dHLS
090   $aKJ118.I7$bG43
100 1 $aGladwyn, Hubert Miles Gladwyn Jebb,$cBaron,$d1900-1996.
245 10$aBritain and the European community /$cLord Gladwyn.
260   $aHeule :$bPublishers UGA,$c1966.
300   $a17 p. :$bport. ;$c24 cm.
440  0$aInternational centre of European studies and research ;$v1966
610 20$aEuropean Economic Community$zGreat Britain.
988   $a20020608
906   $0OCLC

