LEADER 00850nam a2200253Ia 4500
001 005000499-9
005 20020606095253.2
008 841101s1905    fr            000 0 fre d
010   $a   41036377 
035 0 $aocm11335811
040   $aLRL$cLRL$dHVL
043   $ae-fr---
050 00$aKJV190$b.R43 1905
100 1 $aRecullet, Lucien.
245 13$aLe secret professionnel des notaires /$cpar Lucien Recullet.
260   $aParis :$bImprimerie Henri Jouve,$c1905.
300   $a319 p. ;$c26 cm.
502   $aThesis (Ph.D.)--Univ. de Paris, 1905.
504   $a"Bibliographie ": p. [313]-318 [i.e.316].
650  0$aNotaries$zFrance.
650  0$aLegal ethics$zFrance.
776 08$iOnline version:$aRecullet, Lucien.$tSecret professionnel des notaires.$dParis : Imprimerie Henri Jouve, 1905$w(OCoLC)902887322
988   $a20020608
906   $0OCLC

