LEADER 00893nam a2200229Ia 4500
001 005000500-6
005 20020606095253.2
008 841107s1875    sp            000 0 spa d
035 0 $aocm11359377
040   $aNOC$cNOC$dHHG
050  4$aPQ6217$b.T44 v. 123, no. 24
090   $aPQ6217$b.T44 v. 123, no. 24
100 1 $aCompte, Claudio.
245 10$aLo que le falta a Don Juan :$bjuguete cómico en un acto, y en prosa /$coriginal de Claudio Compte.
260   $aMadrid :$bImpr. de G. Alhambra,$c1875.
300   $a19 p. ;$c20 cm.
500   $aOn cover: Administración Lírico-dramática.
500   $aImprint on cover: Madrid. Sevilla, 14, principal. 1875.
500   $aNo. 9 in v. 13 of a collection of Spanish plays.
776 08$iOnline version:$aCompte, Claudio.$tLo que le falta a Don Juan.$dMadrid : Impr. de G. Alhambra, 1875$w(OCoLC)826446158
988   $a20020608
906   $0OCLC

