LEADER 01164nam a2200277Ia 4500
001 005000501-4
005 20020606095253.2
008 841107s1893    sp            000 0 spa d
035 0 $aocm11359507
040   $aNOC$cNOC$dHHG
050  4$aPQ6217$b.T44 v. 123, no. 26
090   $aPQ6217$b.T44 v. 123, no. 26
100 2 $aConde de Salazár y Souleret, José.
245 10$aLuis Candelas, o, El bandido popular :$bdrama histórico en ocho actos y en verso /$coriginal de José Conde y Ambrosio Canel.
246 3 $aLuis Candelas.
246 3 $aBandido popular.
260   $aMadrid :$bImpr. de la Viuda de J. Ducazcal,$c1893.
300   $a112 p. ;$c20 cm.
500   $aOn cover: Adminstración Lírico-dramática y Teatro Cómico.
500   $aImprint on cover: Madrid : Arregui y Aruej, 1893.
500   $aNo. 10 in v. 17 of a collection of Spanish plays.
600 10$aCandelas, Luis,$dactive 19th century$xDrama.
700 1 $aCanel, Ambrosio.
776 08$iOnline version:$aConde de Salazár y Souleret, José.$tLuis Candelas, o, El bandido popular.$dMadrid : Impr. de la Viuda de J. Ducazcal, 1893$w(OCoLC)826446161
988   $a20020608
906   $0OCLC

