LEADER 01586cam a2200337Ia 4500
001 005000502-2
005 20020606095253.2
008 841107s1893    sp            000 0 spa d
035 0 $aocm11359573
040   $aNOC$cNOC$dHHG
050  4$aPQ6217$b.T44 v. 123, no. 27
090   $aPQ6217$b.T44 v. 123, no. 27
100 2 $aBrull y Ayerra, Apolinar,$d1845-1905.
245 13$aEl mártir del calvario, o, La pasión y muerte de Nuestro Señor :$bdrama sacro bíblico de espectáculo en ocho actos y veinticinco cuadros /$coriginal y en verso de José Conde y Florentino Molina ; y música del maesstro Apolinar Brull.
246 3 $aMártir del calvario.
246 3 $aPasión y muerte de Nuestro Señor.
260   $aMadrid :$bImpr. de J.M. Ducazcal,$c1893.
300   $a122 p. ;$c20 cm.
500   $aOn cover: Administración Lírico-dramática y Teatro Cómico.
500   $aImprint on cover: Madrid : Arregui y Aruej, 1893.
500   $a"La obra va aumentada con dos actos, titulados La gloriosa resurrección y La venida del Espíritu Santo."--T.p.
500   $aWithout the music.
500   $aNo. 8 in v. 13 of a collection of Spanish plays.
600 00$aJesus Christ$xDrama.
600 00$aJesus Christ$xCrucifixion$xDrama.
655  7$aDrama.$2fast
700 2 $aConde de Salazár y Souleret, José.
700 1 $aMolina, Florentino.
776 08$iOnline version:$aBrull y Ayerra, Apolinar, 1845-1905.$tMártir del calvario, o, La pasión y muerte de Nuestro Señor.$dMadrid : Impr. de J.M. Ducazcal, 1893$w(OCoLC)826446162
988   $a20020608
906   $0OCLC

