LEADER 00746nam a2200241Ii 4500
001 005000503-0
005 20020606095253.2
008 841108s1960    be a          001 0 spa d
035 0 $aocm11365682
040   $aHUH$cHUH$dHMZ
043   $afc-----
090   $aQL337.C6$bT3 no.86
100 1 $aCobos, A.
245 10$aThroscidae de Africa Central (Coleoptera) /$cpor A. Cobos.
260   $aTervuren :$bMusée Royal du Congo Belge,$c1960.
300   $a67 p. :$bill. ;$c27 cm.
440  0$aAnnales du Musée royal du Congo belge.$nSérie in 8o.$pSciences zoologiques ;$vd. 86
500   $aIncludes index.
650  0$aThroscidae.
650  0$aBeetles$zAfrica, Central.
650  0$aInsects$zAfrica, Central.
988   $a20020608
906   $0OCLC

