LEADER 00669nam a2200205K  4500
001 005000504-9
005 20020606095253.2
008 841113s1921    enkc     b    000 0 eng d
035 0 $aocm11378887
040   $aORE$cORE$dHLS
090   $aPR5087.S6$bG5
100 1 $aGlasier, J. Bruce$q(John Bruce),$d1859-1920.
245 10$aWilliam Morris and the early days of the socialist movement.$cWith a preface by May Morris.
260   $aLondon,$bLongmans, Green,$c1921.
300   $a173 p.$b2 port. (incl. front.)$c19 cm.
504   $aBibliographical footnotes.
600 10$aMorris, William,$d1834-1896.
650  0$aSocialism$zGreat Britain.
988   $a20020608
906   $0OCLC

