LEADER 00663nam a2200229Ia 4500
001 005000505-7
005 20020606095253.2
008 841114s1956    sz b     b    001 0 ger d
035 0 $aocm11382381
040   $aTXA$cTXA$dHLS
043   $ae------
090   $aD121$b.F8 1956
245 00$aFruḧes Mittelalter /$cvon Franz Altheim ... [ et al.].
260   $aBern :$bFrancke,$cc1956.
300   $a528 p. :$bmaps ;$c24 cm.
440  0$aHistoria Mundi ;$v5. Bd.
504   $aIncludes bibliographical references and indexes.
650  0$aMiddle Ages.
651  0$aEurope$xHistory$y392-814.
700 1 $aAltheìm, Franz,$d1898-
988   $a20020608
906   $0OCLC

