LEADER 00655nam a2200217K  4500
001 005000506-5
005 20020606095253.2
008 841119s1967    fr            000 0 fre d
035 0 $aocm11405052
040   $aLCI$cLCI$dHLS
050  4$aU162$b.G2 1967
090   $aU162$b.G2
100 1 $aGambiez, Fernand,$d1903-
245 12$aL'epee de Damocles,$bla guerre en style indirect$c[par] General F. Gambiez [et] Colonel M. Suire.
260   $a[Paris]$bPlon,$c1967.
300   $a372 p.$c21 cm.
650  0$aStrategy.
700 1 $aSuire, Maurice Jean,$d1908-$ejoint author.
700 1 $aSuire, Maurice Jean,$d1908-$eauthor.
988   $a20020608
906   $0OCLC

