LEADER 00662caa a2200181K  4500
001 005000507-3
005 20020606095253.2
008 841211s1960    dcuf     b    000 0 fre d
035 0 $aocm11477443
040   $aBUF$cBUF$dOCL$dHFL
090   $aN5970$b.D8 no. 14 p. 121-146
100 1 $aGrabar, André,$d1896-1990.
245 14$aUne pyxide en ivoire à Dumbarton Oaks;$bquelques notes sur l'art profane pendant les derniers siècles de l'Empire byzantin.
504   $aBibliographical footnotes.
650  0$aIvories, Byzantine.
773 0 $tDumbarton Oaks papers.$dWashington, 1960.$g30 cm. no. 14, p. [121]-146. plates$w(OCoLC)1567085
988   $a20020608
906   $0OCLC

