LEADER 00967nam a2200229 a 4500
001 005000508-1
005 00000000000000.0
008 841211s1914    enka          000 0 eng d
010   $a   14014489 //r45
035 0 $aocm11480849
040   $aDLC$cCPS$dHBS$dHMM
050 0 $aSF375$b.S6
100 1 $aSmith, Henry Brough,$d1888-
245 14$aThe sheep and wool industry of Australasia :$ba practical handbook for sheep farmers and wool-classers : with chapters on wool-buying and selling, sheep-skins, and kindred products /$cby Henry B. Smith.
260   $aLondon :$bWhitcombe and Tombs,$c[1914?]
300   $axvi, 187 p. :$bill. ;$c22 cm.
650  0$aSheep industry$zAustralasia.
650  0$aWool industry$zAustralasia.
830  0$aHarvard social history/business preservation microfilm project.$nProject 3 ;$v30114.$5mmf
830  0$aHarvard social history/business preservation microfilm project.$nProject 3 ;$v30114.$5mmf
988   $a20020608
906   $0DLC

