LEADER 01025nam a2200277 a 4500
001 005000509-X
005 00000000000000.0
008 850110s1919    nyu      b    001 0 eng d
035 0 $aocm11566319
040   $aTTL$cTTL$dHBS$dHMM
043   $an-us---
050  4$aHD8072$b.A25 1919
100 1 $aAdams, Thomas Sewall,$d1873-1933.
245 10$aLabor problems :$ba text book /$cby Thomas Sewall Adams and Helen L. Sumner.
250   $a9th ed.
260   $aNew York :$bMacmillan Co.,$c1919.
300   $axv, 579 p. ;$c21 cm.
504   $aIncludes bibliographical references and index.
650  0$aLabor$zUnited States.
650  0$aWorking class$zUnited States.
650  0$aLabor and laboring classes$zUnited States.
700 1 $aSumner, Helen L.$q(Helen Laura),$d1876-1933.
700 1 $aEly, Richard Theodore,$d1854-1943.
776 08$iOnline version:$aAdams, Thomas Sewall, 1873-1933.$tLabor problems.$b9th ed.$dNew York : The Macmillan Co., 1919, ©1905$w(OCoLC)575871073
988   $a20020608
906   $0OCLC

