LEADER 01015nam a2200217I  4500
001 005000510-3
005 20050812095954.0
008 850117s1712    enk           000 0 eng d
035 0 $aocm11592028
040   $aRCE$cRCE$dHHG
090   $aDA496 1712$b.C6
245 00$aConcordia discors, or, An argument to prove, that the possession of Dunkirk, Port Mahon, Gibraltar, and other places by the English, may be of worse consequence to these nations, than if they had still continued in the hands of the French, or Spaniards.$cTo which is added The history of standing armies; from their first being set on foot, to this time; with the dismal consequences that have always flow'd from them.
246 3 $aHistory of standing armies
260   $aLondon :$bPrinted for S. Popping,$c1712.
300   $a40 p. ;$c18 cm.
650  0$aStanding army.
650  0$aSpanish Succession, War of, 1701-1714.
651  0$aGreat Britain$xForeign relations$y1702-1714.
752   $aEngland$dLondon.
988   $a20020608
906   $0OCLC

