LEADER 00475nam a2200169I  4500
001 005000511-1
005 20020606095253.2
008 850119s1814    enk           000 0 eng d
035 0 $aocm11600359
040   $aRCE$cRCE$dHHG
090   $aPR3991.A1$bC6
245 00$aConduct.$bA novel.
260   $aLondon,$bPrinted at the Minerva Press, for A.K.Newman,$c1814.
300   $a3 v.$c20 cm.
500   $a"List of subscribers": p. [iii]-xii, 1 ℓ., v. 1.
988   $a20020608
906   $0OCLC

