LEADER 00609naa a2200205K  4500
001 005000512-X
005 20020606095253.2
008 850128s1859    enkf          000 0 eng d
035 0 $aocm11627607
040   $aGZH$cGZH$dHMZ
100 1 $aCobbold, T. Spencer$q(Thomas Spencer),$d1828-1886.
245 10$aOn some new forms of entozoa.
260   $a[London,$bs.n.,$c1859?]
300   $a363-366 p.$bplate.$c27 cm.
500   $aCaption title.
500   $a"Read January 20th, 1859."
650  2$aParasites
773 0 $tTrans. Linn. Soc.$gLondon. xxii. 1856-1859. 363-366. pl. 63.
988   $a20020608
906   $0OCLC

