LEADER 00785nam a2200229K  4500
001 005000513-8
005 20020606095253.2
008 850130s1907    gw af    b    000 0 ger d
035 0 $aocm11639325
040   $aCLU$cCLU$dHFL
090   $aN6953.R282$bG81
100 1 $aGreeff, R.$q(Richard),$d1862-1938.
245 10$aRembrandts Darstellungen der Tobiasheilung;$bnebst Beiträgen zur Geschichte des Starstichs; eine kulturhistorische Studie.$cMit 14 Tafeln und 9 Textabbildungen.
260   $aStuttgart,$bF. Enke,$c1907.
300   $a77 p.$b23 illus. (incl. 9 plates)
504   $aBibliography: p. [78]
600 00$aRembrandt Harmenszoon van Rijn,$d1606-1669.
600 00$aTobias$c(Biblical figure)
650  0$aEye in art.
650  0$aCataract.
988   $a20020608
906   $0OCLC

