LEADER 00593nam a2200193K  4500
001 005000514-6
005 20020606095253.2
008 850131s1963    fr       b    000 0 fre d
035 0 $aocm11642482
040   $aSBL$cSBL$dHVL
100 1 $aChauvin, Michel.
245 12$aL'élément comptable dans le droit pénal spécial des sociétés anonymes.
260   $aParis,$bLibrairie Dalloz,$c1963.
300   $a163 p.$c22 cm.
504   $aBibliography: p. [159]
650  0$aCorporation law$zFrance$xCriminal provisions.
650  0$aCorporations$zFrance$xAccounting.
988   $a20020608
906   $0OCLC

