LEADER 00767cam a2200229Ia 4500
001 005000515-4
005 20020606095253.2
008 850202s1943    mau      c    000 0 eng d
035 0 $aocm11650928
040   $aCLU$cCLU$dPIT$dHFL
110 2 $aFogg Art Museum.
245 10$aFrench romanticism of the eighteen thirties :$bFogg Museum of Art, Harvard University, January 16-February 12, 1943.
260   $a[Cambridge, Mass. :$bHarvard University Press,$c1943]
300   $a1 ℓ., [5]-21 p. ;$c23 cm.
500   $aCover title.
500   $aCover serves as t.p.
500   $aIntroduction signed: Agnes Mongan.
650  0$aArt, French$vExhibitions.
650  0$aArt, French$y19th century$vExhibitions.
700 1 $aMongan, Agnes.
988   $a20020608
906   $0OCLC

