LEADER 01085nam a2200289Ia 4500
001 005000516-2
005 20100430092437.0
008 850214c19661963mau           001 0 eng d
010   $a   63018004 
035 0 $aocm11694174
040   $aKWW$cKWW$dHLS
090   $aHT155$b.H2 1966
245 04$aThe historian and the city /$cedited by Oscar Handlin and John Burchard.
260   $aCambridge, Mass. :$bM.I.T. Press,$c1966, c1963.
300   $axii, 299 p. ;$c21 cm.
490 1 $aJoint Center for Urban Studies publications
490 0 $aMIT Press paperback ;$v53
500   $aIncludes papers delivered at a conference convened by the Joint Center for Urban Studies, in August, 1961.
504   $a"A selection of works relating to the history of cities": p. 270-290.
650  0$aCities and towns.
650  0$aSociology, Urban.
700 1 $aHandlin, Oscar,$d1915-2011.
700 1 $aBurchard, John E.$q(John Ely),$d1898-1975.
710 2 $aJoint Center for Urban Studies.
830  0$aPublication of the Joint Center for Urban Studies.
988   $a20020608
906   $0OCLC

