LEADER 00617nam a2200229Ia 4500
001 005000517-0
005 20020606095253.2
008 850219s1943    fr       b    000 0 fre d
035 0 $aocm11710357
040   $aBOL$cBOL$dHVL
043   $ae-fr---
050  4$aKE1140$b.S68
090   $aKE1140$b.S68
100 1 $aSpriet, Jean Louis.
245 12$aL'indépendance de la magistrature /$cpar Jean-Louis Spriet.
260   $aLille :$bDouriez Bataille,$c1943.
300   $a195 p. ;$c25 cm.
502   $aThesis--Lille.
504   $aBibliography: p. [189].
650  0$aJudges$zFrance.
988   $a20020608
906   $0OCLC

