LEADER 00966nam a2200265   4500
001 005000518-9
005 20111102165101.0
008 850220s1946    mau      b    000 0 eng d
035 0 $aocm11715191
040   $aCLU$cCLU$dHFL
110 2 $aFogg Art Museum.
245 00$aBetween the Empires :$bGéricault, Delacroix, Chassériau, painters of the Romantic Movement ; April 30-June 1, 1946 /$cWilliam Hayes Fogg Art Museum.
260   $aCambridge, Mass. :$bWilliam Hayes Fogg Art Museum,$c1946.
300   $a20 p. ;$c24 cm.
500   $a"Antoine Louis Barye": p. 19-20.
504   $aBibliography: p. 6-7.
650  0$aSculpture$vExhibitions.
600 10$aDelacroix, Eugène,$d1798-1863.
600 10$aGéricault, Théodore,$d1791-1824.
600 10$aChassériau, Théodore,$d1819-1856.
600 10$aBarye, Antoine-Louis,$d1796-1875.
650  0$aPainting$xExhibitions.
752   $aUnited States$bMassachusetts$dCambridge.
988   $a20020608
906   $0OCLC

