LEADER 00685nam a2200229K  4500
001 005000519-7
005 20020606095253.2
008 850221s1957    ii            000 0 eng d
035 0 $aocm11718028
040   $aSBL$cSBL$dHLS
043   $aa-ii---
050  4$aHN686$b.A37
090   $aHN686$b.A37
090   $aHN690.Z9$bC62x
110 1 $aIndia.$bCommittee on Plan Projects.
245 10$aReport of the Team for the Study of Community Projects and National Extension Service.
260   $aNew Delhi$b[Manager of Publications]$c1957.
300   $a3 v. in 4.$c24 cm.
650  0$aRural development$zIndia.
650  0$aCommunity development$zIndia.
988   $a20020608
906   $0OCLC

