LEADER 00619nam a2200193K  4500
001 005000520-0
005 20020606095253.2
008 850225s1928    po f          000 0 por d
035 0 $aocm11733569
040   $aCLU$cCLU$dHFL
100 1 $aFerreira, J. Augusto$q(José Augusto).
245 10$aVilla do Conde,$bmatriz e igrejas do mosteiro de Santa Clara, de Azurara e de rio mau.
260   $a[Porto]$bMarques Abreu,$c1928.
300   $a25 p.$b48 plates.
500   $aCover: A arte em Portugal, 3.
650  0$aArchitecture$zVilla do Conde, Portugal.
651  0$aVilla do Conde (Portugal)
988   $a20020608
906   $0OCLC

