LEADER 00745nam a2200193I  4500
001 005000521-9
005 20020606095253.2
008 850227s1931    fr            000 0 fre  
010   $a   44015377 
035 0 $aocm11739902
040   $aDLC$cSBL$dSBL$dHVL
100 1 $aVillard, Henri.
245 13$aLe contrôle de l'expertise judiciaire en matière pénale,$cpar Henri Villard ... Précédé d'une épître dédicatoire au Français moyen par Jean-Charles Legrand ... Préface de m. Albert Wahl ...
260   $aParis,$bLibrairie générale de droit et de jurisprudence,$c1931.
300   $a2 p. ℓ., [vii]-xi, 85 p., 1 ℓ.$c22 cm.
650  0$aEvidence, Expert$zFrance.
650  0$aCriminal procedure$zFrance.
988   $a20020608
906   $0DLC

