LEADER 00621nam a2200193K  4500
001 005000522-7
005 20020606095253.2
008 850227s1967    fr       b    000 0 fre d
035 0 $aocm11740297
040   $aSBL$cSBL$dHVL
100 1 $aSourioux, Jean-Louis.
245 10$aRecherches sur le rôle de la formule notariale dans le droit positif.
260   $aParis,$bLibrairie du "Journal des notaires et des avocats"$c[1967]
300   $avi, 179 p.$c24 cm.
500   $aIssued also as author's thesis, Paris.
504   $aBibliography: p. [159]-167.
650  0$aFormalities (Law)$zFrance.
988   $a20020608
906   $0OCLC

