LEADER 00552nam a2200193K  4500
001 005000523-5
005 20020606095253.2
008 850227s1917    it            000 0 ita d
035 0 $aocm11740325
040   $aDRB$cDRB$dHLS
100 1 $aGiovannetti, Eugenio,$d1883-
245 13$aIl tramonto del liberalismo.
260   $aBari,$bG. Laterza,$c1917.
300   $a174 p.$c21 cm.
490 1 $aBiblioteca di cultura moderna,$vn. 86
650  0$aLiberalism.
830  0$aBiblioteca di cultura moderna (Editori Laterza) ;$v86.
988   $a20020608
906   $0OCLC

