LEADER 01313cam a2200325 a 4500
001 005000524-3
005 20080627213700.0
008 850304s1962    dcua     b   f000 0 eng d
010   $aagr62000355 
035 0 $aocm11758881
040   $aRID$cRID$dAGL$dHBS
043   $an-us---
050  4$aHD1491.U5$bA38 no.31
072   $aE400$aB500
100 1 $aMcKay, A. W.
245 10$aHelping farmers build cooperatives :$bthe evolution of farmer cooperative service /$cby Andrew W. McKay and Martin A. Abrahamsen.
260   $a[Washington, D.C.] :$bFarmer Cooperative Service, U.S. Dept. of Agriculture,$c1962.
300   $aii, 82 p. :$bill. ;$c24 cm.
440  0$aFCS circular ;$vno. 31
500   $aCover title.
504   $aBibliography on back cover.
610 10$aUnited States.$bFarmer Cooperative Service.
650  0$aAgriculture, Cooperative$zUnited States.
650  0$aAgriculture and state$zUnited States.
700 1 $aAbrahamsen, Martin Abraham,$d1908-
710 1 $aUnited States.$bFarmer Cooperative Service.
710 1 $aUnited States.$bDepartment of Agriculture.
776 08$iOnline version:$aMcKay, A. W.$tHelping farmers build cooperatives.$d[Washington, D.C.] : Farmer Cooperative Service, U.S. Dept. of Agriculture, 1962$w(OCoLC)910119253
988   $a20020608
906   $0OCLC

