LEADER 00820nam a2200241I  4500
001 005000525-1
005 20020606095253.2
008 850305s1942    fr b          000 0 fre  
010   $a   44000128 
035 0 $aocm11765127
040   $aDLC$cDRB$dHLS
050 0 $aHC273$b.G6
082   $a330.944
100 1 $aGoblet, Y. M.$q(Yann Morvran),$d1881-1955.
245 13$aLa formation des régions$b(introduction à une géographie économique de la France)$cpar Y.M. Goblet ...
260   $aParis,$bLibrairie générale de droit et de jurisprudence,$c1942.
300   $a2 p. ℓ., 259, [1] p.$bfold. map.$c19 cm.
490 0 $aCollection d'études économiques ...$v15
650  0$aNatural resources$zFrance.
651  0$aFrance$xEconomic conditions.
650  0$aIndustries$zFrance.
988   $a20020608
906   $0DLC

