LEADER 00634nam a2200217K  4500
001 005000526-X
005 20020606095253.2
008 850307s1905    gw a     b    000 0 ger d
035 0 $aocm11775685
040   $aCLU$cCLU$dHFL
100 1 $aGreinert, Paul,$d1878-
245 10$aErfurter Steinplastik des vierzehnten und fünfzehnten Jahrhunderts.
260   $aLeipzig,$bR. Loës,$c1905.
300   $aviii, 72 p.$b26 illus.
500   $aLebenslauf.
502   $aInauguraldissertation--Munich.
504   $aBibliography: p. vi.
650  0$aSculpture$zGermany$zErfurt.
650  0$aSculpture$xHistory.
988   $a20020608
906   $0OCLC

