LEADER 00683nam a2200181K  4500
001 005000527-8
005 20020606095253.2
008 850307s1956    xx f     c    000 0 ger d
035 0 $aocm11777106
040   $aCLU$cCLU$dHFL
110 1 $aGreifswald (Germany).$bMuseum.
245 00$aCaspar David Friedrich - Ausstellung: Gemälde, Auqarelle, Zeichnungen, Graphik, Druckgraphik - 14. Ock. bis. 4 Nov. 1956, Museum, Greifswald.$bAnlässlich der 500-Jahrfeier der Ernst Moritz Arndt-Universität, Greifswald.
260   $a[n.p.,$c1956]
300   $a[24] p.$b14 plates.
600 10$aFriedrich, Caspar David,$d1774-1840.
650  0$aArt, German$vExhibitions.
988   $a20020608
906   $0OCLC

