LEADER 00801nam a2200205K  4500
001 005000528-6
005 20041216131410.0
008 850309s1966    gw acf        000 0 ger d
035 0 $aocm11787160
040   $aCLU$cCLU$dHFL
100 1 $aKramm, Willibald,$d1891-1969.
245 00$aWillibald Kramm: Gemälde, Aquarelle [und] Zeichnungen.$b[Ausstellung] Heidelberger Kunstverein, vom 15. Mai bis 12. Juni 1966, Gartenhalle und Kupferstichkabinett im Kurpfälzischen Museum.
260   $a[Heidelberg,$bHeidelberger Kunstverein,$c1966]
300   $a[37] p.$billus., plates (1 col.), port.
500   $aCover illustrated in color.
600 10$aKramm, Willibald,$d1891-1969.
710 2 $aHeidelberger Kunstverein.
710 2 $aKurpfälzisches Museum (Heidelberg, Germany)
988   $a20020608
906   $0OCLC

