LEADER 00920nam a2200277   4500
001 005000529-4
005 00000000000000.0
008 850309s1967    enkafk   b    000 0 eng  
010   $a   67105439 
015   $aB67-18397
035 0 $aocm11787320
040   $aDLC$cCDS$dCDS$dUKM$dHBS
043   $ae-uk---
050 0 $aHD9437.G72$bC5
082   $a338.1/7/650942
100 1 $aClayton, E.$q(Eric)
245 14$aThe economics of the poultry industry$c[by] Eric S. Clayton.
260   $aLondon,$bLongmans,$c1967.
300   $ax, 154 p.$billus. (forms), 4 plates, tables, diagrs.$c23 cm.
504   $aBibliographical footnotes.
650  0$aPoultry industry$zGreat Britain.
650  0$aEgg trade$zGreat Britain.
650  0$aOperations research.
776 08$iOnline version:$aClayton, E. (Eric).$tEconomics of the poultry industry.$dLondon, Longmans, 1967$w(OCoLC)688398474
988   $a20020608
906   $0DLC

