LEADER 00964cam a2200265 a 4500
001 005000530-8
005 00000000000000.0
008 850311s1961    dcua     b   f000 0 eng d
010   $aagr62000151 
035 0 $aocm11789723
040   $aIEJ$cIEJ$dAGL$dHBS
050  4$aHD1751$b.A92 no. 2
072   $aN200
100 1 $aStarbird, Irving R.$q(Irving Rollins),$d1928-
245 10$aTractors and preharvest equipment, Delta area, Mississippi :$bcosts of owning and operating by size of farm, 1957 /$c[by Irving R. Starbird and James Vermeer].
260   $aWashington :$bFarm Economics Division, Economic Research Service, U.S. Dept. of Agriculture,$c1961.
300   $a49 p. :$bill. ;$c27 cm.
440  0$aAgricultural economic report ;$vno. 2
500   $aCover title.
504   $aIncludes bibliographical references.
650  0$aAgricultural machinery.
650  0$aAgriculture$xCosts.
700 1 $aVermeer, James.
988   $a20020608
906   $0OCLC

