LEADER 00769cam a2200229 a 4500
001 005000531-6
005 00000000000000.0
008 850311s1962    dcub         f000 0 eng d
010   $aagr62000148 
035 0 $aocm11789762
040   $aIEJ$cIEJ$dAGL$dHBS
043   $an-us---
072   $aE200
100 1 $aBarnhill, Harold E.$q(Harold Edward),$d1923-
245 10$aResource requirements on farms for specified operator incomes /$c[by Harold E. Barnhill].
260   $aWashington :$bU.S. Dept of Agriculture, Economic Research Service, Farm Economics Division,$c1962.
300   $aiv, 31 p. :$b1 map ;$c26 cm.
440  0$aAgricultural economic report ;$vno. 5
500   $aCover title.
650  0$aFarm income$zUnited States.
988   $a20020608
906   $0OCLC

