LEADER 00724nam a22002177a 4500
001 005000532-4
005 20080627213700.0
008 850311s1962    dcuab        f000 0 eng d
010   $aagr62000254 
035 0 $aocm11789785
040   $aIEJ$cIEJ$dHBS
100 1 $aBrown, Herbert William,$d1912-
245 10$aPeanut-cotton farms :$borganization, costs, and returns, southern Coastal Plains, 1944-60.
260   $a[Washington] :$bU.S. Govt. Print. Off.,$c[1962].
300   $a31 p. :$bill., map ;$c26cm.
490 0 $aERS- ;$v7
650  0$aPeanuts$zSouthern States.
650  0$aCotton$zSouthern States.
710 1 $aUnited States.$bDepartment of Agriculture.$bEconomic Research Service.
988   $a20020608
906   $0OCLC

