LEADER 00991cam a2200277 a 4500
001 005000533-2
005 00000000000000.0
008 850311s1962    dcua     b   f000 0 eng d
010   $aagr62000367 
035 0 $aocm11789794
040   $aIEJ$cIEJ$dAGL$dHBS
043   $an-us---
072   $aF140$aE130
100 1 $aTrotter, Warren K.$q(Warren Kingsbury),$d1922-
245 10$aNew industrial crops :$bsome economic considerations /$c[by Warren K. Trotter, Frederick J. Poats, and Ivan A. Wolff].
260   $aWashington :$bU.S. Dept. of Agriculture, Economic Research Service and Agricultural Research Service,$c1962.
300   $avi, 45 p. :$bill. ;$c26 cm.
440  0$aAgricultural economic report ;$vno. 10
500   $aCover title.
504   $aReferences: p. 31-33.
650  0$aField crops$zUnited States.
650  0$aAgriculture$xEconomic aspects$zUnited States.
700 1 $aPoats, Frederick J.,$d1922-
700 1 $aWolff, Ivan A.
988   $a20020608
906   $0OCLC

