LEADER 00918nam a2200241Ia 4500
001 005000534-0
005 20020606095253.2
008 850312s1922    sp            000 0 spa d
035 0 $aocm11794595
040   $aVXW$cVXW$dHLS
050  4$aAC75$b.G5 vol. 6
090   $aBL241$b.G5 1922
100 2 $aGiner de los Ríos, Francisco,$d1839-1915.
245 10$aEstudios filosóficos y religiosos /$cpor Francisco Giner .
260   $aMadrid :$bImprenta de Julio Cosano,$c1922.
300   $a335 p. ;$c19 cm.
490 0 $aObras completas de D. Francisco Giner de los Ríos ;$vVI
650  0$aReligion and science$y1860-1899.
650  0$aPhilosophy and religion.
650  0$aReligion and science.
776 08$iOnline version:$aGiner de los Ríos, Francisco, 1839-1915.$tEstudios filosóficos y religiosos.$dMadrid : Espasa-Calpe, 1922 (Madrid : Impr. Julio Cosano)$w(OCoLC)909701607
988   $a20020608
906   $0OCLC

