LEADER 00590nam a2200193Ia 4500
001 005000535-9
005 20020606095253.2
008 850312s1922    sp            000 0 spa d
035 0 $aocm11796839
040   $aVXW$cVXW$dHLS
090   $aLB775.G47$bA45 1922
100 2 $aGiner de los Ríos, Francisco,$d1839-1915.
245 10$aEstudios sobre educación /$cpor Francisco Giner.
260   $aMadrid :$bImprenta de Julio Cosano,$c1922.
300   $a307 p. ;$c19 cm.
490 0 $aObras completas de D. Francisco Giner de los Ríos ;$vVII
650  0$aEducation.
988   $a20020608
906   $0OCLC

