LEADER 01201cam a2200253 a 4500
001 005000536-7
005 20030724121057.0
008 850313s1926    dcua         f000 0 eng d
010   $a   26026078 
035 0 $aocm11798983
040   $aDLC$cDRB$dSLU$dHBS$dHMM
043   $an-us---
050 0 $aHD9139.A7$bA5 1925
110 1 $aUnited States.$bFederal Trade Commission.
245 14$aThe American Tobacco Company and the Imperial Tobacco Company :$bmessage from the President of the United States transmitting the report of the Federal Trade Commission of its investigation of charges against the American Tobacco Company and the Imperial Tobacco Company made in response to Senate Resolution no. 329, Sixty-eighth Congress, second session dated February 9, 1925.
260   $aWashington, D.C. :$bG.P.O.,$c1926.
300   $avi, 129 p. :$bill. ;$c24 cm.
490 1 $a69th Cong., 1st sess. Senate ;$vDocument no. 34
610 20$aAmerican Tobacco Company.
610 20$aImperial Tobacco Company of Great Britain and Ireland.
650  0$aTobacco industry$zUnited States.
830  0$aSenate document (United States. Congress. Senate) ;$v69th Congress, no. 34.
988   $a20020608
906   $0DLC

