LEADER 00618caa a2200205I  4500
001 005000537-5
005 20090712194627.0
008 850316r19151914dcua         f000 0 eng d
035 0 $aocm11815391
040   $aRCE$cRCE$dOCL$dHMZ
050  4$aQL591.N4$bC6
090   $aQL591.N4$bC6
100 1 $aCobb, Nathan Augustus,$d1859-1932.
245 10$aNematodes and their relationships.
260   $aWashington,$bGovernment Printing Office,$c1915.
300   $aIII, 457-490 p.$billus., diagrs.$c24 cm.
650  0$aNematodes.
773 0 $tYearbook. Dept. Agric.$g1914 (1915). i-iii, 457-490.
988   $a20020608
906   $0OCLC

