LEADER 00981cam a2200253 a 4500
001 005000538-3
005 20080627213700.0
008 850318s1967    dcu          f000 0 eng d
035 0 $aocm11817344
040   $aIEJ$cIEJ$dAGL$dHBS
072   $aH000
100 1 $aAndrilenas, Paul Allen,$d1930-
245 10$aFarmers' expenditures for pesticides in 1964 /$c[by Paul Andrilenas, Theodore Eichers and Austen Fox].
260   $aWashington :$bU.S. Dept. of Agriculture, Agricultural Research Service,$c1967.
300   $a10 p. ;$c26 cm.
440  0$aAgricultural economic report ;$vno. 106
500   $aCover title.
500   $aOne in a series of reports on the findings of the 1965 survey of the use of pesticides in agriculture.
650  0$aPesticides$xApplication.
700 1 $aFox, Austin Schultz,$d1923-
700 1 $aEichers, Theodore Raymond,$d1928-
710 1 $aUnited States.$bDepartment of Agriculture.$bEconomic Research Service.
988   $a20020608
906   $0OCLC

