LEADER 01526nam a2200265 a 4500
001 005000539-1
005 00000000000000.0
008 850318s1925    ilu           000 0 eng d
010   $a   25009639 
035 0 $aocm11817950
040   $aDLC$cHUH$dHBS$dHMM
050 0 $aS572$b.L3
100 1 $aLandis, Benson Y.$q(Benson Young),$d1897-
245 10$aSocial aspects of farmers' co-operative marketing /$cby Benson Y. Landis.
260   $aChicago :$bPublished by the University of Chicago Press for the Department of Research and Education, Federal Council of the churches of Christ in America, New York, N.Y.,$cc1925.
300   $avi, 62 p. ;$c21 cm.
490 1 $aBulletin / Federal Council of the Churches of Christ in America,Commission on the Church and Social Service, Research Dept. ;$vno. 4
650  0$aAgriculture, Cooperative.
650  0$aFarm produce$xMarketing.
776 08$iOnline version:$aLandis, Benson Y. (Benson Young), 1897-$tSocial aspects of farmers' co-operative marketing.$dChicago, Published by the University of Chicago press for the Dept. of research and education, Federal council of the churches of Christ in America, New York, N.Y. [©1925]$w(OCoLC)551253638
830  0$aBulletin (Federal Council of the Churches of Christ in America) ;$vno. 4.
830  0$aHarvard social history/business preservation microfilm project.$nProject 3 ;$v30238.$5mmf
830  0$aHarvard social history/business preservation microfilm project.$nProject 3 ;$v30238.$5mmf
988   $a20020608
906   $0DLC

