LEADER 00659nam a2200217K  4500
001 005000540-5
005 20020606095253.2
008 850319s1939    ilu           000 0 eng d
035 0 $aocm11820647
040   $aDRB$cDRB$dHLS
090   $aHV43$b.A2x
100 1 $aAbramson, Eva.
245 14$aThe problem of mechanics and procedures,$cby Eva Abramson ... December 1, 1939 ...
260   $aChicago, Ill.,$bAmerican Public Welfare Association$c[1939]
300   $a11 numb. ℓ.$c28 cm.
500   $aCover-title.
650  0$aSocial service.
650  0$aCharity organization.
710 2 $aAmerican Public Welfare Association.
988   $a20020608
906   $0OCLC

