LEADER 00548nas a2200205K  4500
001 005000541-3
005 20020606095253.2
008 850321c19uu9999et uu         0   a0eng d
035 0 $aocm11833474
040   $aLCI$cLCI$dHLS
090   $aJQ3583.A4$bE6 (date)
110 1 $aEritrea (Ethiopia)
245 10$aOfficials list [of the Government of Eritrea]
260   $aAsmara.
300   $av.
546   $aTitle also in Amharic.
546   $aText in English and Amharic.
651  0$aEthiopia$xOfficials and employees.
988   $a20020608
906   $0OCLC

