LEADER 00646nam a2200193K  4500
001 005000542-1
005 20020606095253.2
008 850321s1941    gw ac         000 0 ger d
035 0 $aocm11834691
040   $aCLU$cCLU$dHFL
100 1 $aHeidrich, Ernst.
245 14$aDie altdeutsche Malerei;$c200 Nachbildungen mit geschichtlicher Einfürung und Erläuterungen von Ernst Heidrich. Neubearbeitet von Hans Möhle.
260   $aJena,$bE. Diederichs$c[1941]
300   $a277 p. incl. 200 illus. (incl. ports.)
650  0$aPainting$zGermany$xHistory.
650  0$aPainters$zGermany.
700 1 $aMöhle, Hans,$d1903-
988   $a20020608
906   $0OCLC

