LEADER 00899nam a2200241I  4500
001 005000543-X
005 20110706101402.0
008 850329s1945    hiua          000 0 eng d
035 0 $aocm11862236
040   $aRCE$cRCE$dHMZ
090   $aGN670$b.B52 v.18, no. 8
100 1 $aCooke, Charles Montague,$d1874-1948.
245 10$aNew species of Succinea from Tahiti,$bwith remarks on other Polynesian species,$cby C. Montague Cooke, jr, ... and William J. Clench.
246 3 $aMangarevan expedition.
260   $a[Honolulu,$c1945]
300   $a[133]-138 p.$billus.$c23 cm.
490 1 $aBernice Pauahi Bishop Museum. Occasional papers ;$v18, no. 8
500   $aCaption title: Mangarevan expedition publication 38.
650  0$aSuccinea.
700 1 $aClench, William James,$d1897-1984.
830  0$aOccasional papers of Bernice P. Bishop Museum ;$vv. 18, no. 8.
988   $a20020608
906   $0OCLC

