LEADER 00670nam a2200205I  4500
001 005000544-8
005 20020606095253.2
008 850402s1961    gw            000 0 ger  
010   $a   62029965 /L
035 0 $aocm11874266
040   $aDLC$cVAL$dHVL
043   $ae-fr---
100 1 $aSchill, Hans J.
245 14$aDie Stellung des Richters in Frankreich;$beine rechtshistorische Darstellung unter Einbeziehung der Gerichtsverfassung.
260   $aBonn,$bL. Röhrscheid,$c1961.
300   $a211 p.$c23 cm.
440  0$aRechtsvergleichende Untersuchungen zur gesamten Strafrechtswissenschaft,$vn.f. Heft 26
650  0$aJudges$zFrance.
988   $a20020608
906   $0DLC

