LEADER 01163cam a2200277Ia 4500
001 005000545-6
005 20020606095253.2
008 850402s1947    enka   j      000 1 eng  
010   $a   47024988 
035 0 $aocm11877610
035 0 $aocm11877610$zocm13065758
040   $aDLC$cIUL$dIUL$dOCL$dHHG
050   $aPZ7.D3724$bCo
100 1 $aDe la Mare, Walter,$d1873-1956.
245 00$aCollected stories for children /$cby Walter De La Mare; illustrated by Irene Hawkins.
260   $aLondon :$bFaber and Faber Ltd.,$c1947.
300   $a[4], 7-437 p. :$bill. ; 21 cm.
500   $a(cont.) The magic jacket -- The Lord Fish -- The old lion -- Broomsticks -- Alice's godmother -- Maria-Fly -- Visitors -- Sambo and the Snow Mountains -- The riddle.
500   $aTitle vignette.
500   $a"This collected edition first published in Mcmxlvii."
505 0 $aDick and the beanstalk -- The Dutch cheese -- A penny a day -- The scarecrow -- The three sleeping boys of Warwickshire -- The lovely Myfanwy -- Lucy -- Miss Jemima.
510 4 $aNCBEL,$cIV, 259
650  0$aChildren's stories.
700 1 $aHawkins, Irene.
988   $a20020608
906   $0DLC

