LEADER 00727nam a2200193Ki 4500
001 005000546-4
005 20020606095253.2
008 850404s1965    fr a          000 0 fre d
035 0 $aocm11888151
040   $aCLU$cCLU$dHFL
100 1 $aKueny, Gabrielle.
245 00$aDimitri Varbanesco, 1908-1963 :$bexposition : Grenoble, Musée de Peinture et de Sculpture, du 15 octubre au 15 novembre 1965 : [catalogue] /$c[a été préparé par Gabrielle Kueny]
260   $a[Grenoble :$bMusée de Peinture et de Sculpture,$c1965]
300   $a22, viii p. :$bill. ;$c23 cm.
500   $aCatalogue prepared by Gabrielle Kueny.
600 10$aVarbanesco, Dimitri,$d1908-1963.
710 2 $aMusée de Grenoble.
988   $a20020608
906   $0OCLC

