LEADER 00780nam a2200229I  4500
001 005000547-2
005 20020606095253.2
008 850409s1962    fr            000 0 fre  
010   $a   64052667 /L
035 0 $aocm11899108
040   $aDLC$cVAL$dHVL
043   $ae-fr---
100 1 $aKuhn, Jean-Pierre.
245 10$aManuel de la responsabilité notariale;$bla jurisprudence en matière de responsabilité civile notariale à la lumière de nombreuses décisions récentes.$cPréf. du Comité notarial d'information.
260   $aParis,$bDalloz,$c1962.
300   $a216 p.$c22 cm.
490 0 $aManuels Dalloz de droit usuel
500   $aKept up to date by supplements.
650  0$aNotaries$zFrance.
650  0$aLiability (Law)$zFrance.
988   $a20020608
906   $0DLC

