LEADER 00623nam a2200229I  4500
001 005000548-0
005 20020606095253.2
008 850418s1967    au ah    b    000 0 ger  
010   $a   67100907 
015   $aAu67-14-148
035 0 $aocm11936747
040   $aDLC$cCLU$dHLS
050 0 $aZ42$b.G58
082   $a091
100 1 $aGladt, Karl.
245 10$aStammbuchblätter aus Wien.$b[Illustriert]
260   $aWien,$aMünchen,$bVerlag für Jugend und Volk$c(1967)
300   $a75 p.$billus. (part col.), facsims.
504   $aBibliography: p. 75-[76]
650  0$aAutograph albums.
988   $a20020608
906   $0DLC

