LEADER 00725cam a2200229Ia 4500
001 005000549-9
005 20040520100415.0
008 850420s1831    meu           000 0 eng d
035 0 $aocm11944363
040   $aIBS$cIBS$dPOF$dHLS$dHMM
090   $aPS586$b.A450 pt. 2, no. 941
100 1 $aGoddard, Henry,$d1785-1871.
245 10$aAmbition :$ban historical and argumentative poem.
246 16$aAmbition, in the abstract
260   $aPortland [Me.] :$b[s.n.],$c1831.
300   $a25 p. ;$c26 cm.
500   $aCover title.
510 4 $aChecklist Amer. imprints,$c7267
650  0$aAmbition$vPoetry.
830  0$aHarvard College Library preservation microfilm program 2004 ;$v10824.$5mmf
988   $a20020608
906   $0OCLC

