LEADER 00836nam a2200253 a 4500
001 005000550-2
005 20020606095253.2
008 840326r1924    enka          000 0 eng  
010   $a   84139317 
035 0 $aocm11973573
040   $aDLC$cDLC$dHHG
050 0 $aPR6007.E3$bB37 1924
082 0 $a821/.912$219
100 1 $aDe la Mare, Walter,$d1873-1956.
245 10$aBefore dawn /$cWalter de la Mare ; decorated by Alec Buckels.
260   $aLondon :$bSelwyn & Blount,$c[1924]
300   $a[6] p. :$b1 col. ill. ;$c13 cm.
500   $aA poem; reprinted from The veil.
500   $aTitle vignette.
510 4 $aNational Book League, London. Walter de la Mare, 56a; Studies in bibliog., v. 6, p. 203; London mercury, v. 15, p. 530
650  0$aChristmas$vPoetry.
700 1 $aBuckels, Alec.
988   $a20020608
906   $0DLC

