LEADER 00417nam a2200157K  4500
001 005000551-0
005 20020606095253.2
008 850510s1898    gw            000 0 ger d
035 0 $aocm12021326
040   $aSMI$cSMI$dHMZ
100 1 $aCohen, Emil,$d1842-1905.
245 00$aÜber ein neues Meteoreisen von San Cristobal, Antofagasta, Chile.
260   $aBerlin,$c1898.
300   $a2 p.$c4to
988   $a20020608
906   $0OCLC

