LEADER 00525nam a2200193I  4500
001 005000552-9
005 20020606095253.2
008 850516s1909    gw       b    000 0 ger d
035 0 $aocm12044381
040   $aRRR$cRRR$dHFL
100 1 $aHeidrich, Ernst.
245 10$aDürer und die reformation.
260   $aLeipzig,$bKlinkhardt & Biermann,$c1909.
300   $a82 p.$bfront.$c23 cm.
504   $aBibliographical footnotes.
600 10$aDürer, Albrecht,$d1471-1528.
650  0$aReformation.
988   $a20020608
906   $0OCLC

