LEADER 00508nam a2200181K  4500
001 005000553-7
005 20040524103057.0
008 850521s1864    it f          000 0 ita d
035 0 $aocm12064350
040   $aSMI$cSMI$dHMZ
100 1 $aCocchi, Igino,$d1828-1913.
245 00$aMonografia dei Pharyngodopilidae.$bNouva famiglia di pesci Labroidi.
246 14$aNuova famiglia di pesci labroidi
260   $aFlorence,$c1864.
300   $a88 p.$b6 pl.$c31 cm.
650  0$aWrasses.
988   $a20020608
906   $0OCLC

