LEADER 00657nam a2200205K  4500
001 005000554-5
005 20020606095253.2
008 850528s1732    ne f          000 0 fre d
035 0 $aocm12086715
040   $aCLU$cCLU$dHLS
041 1 $afre$hund
090   $aZ233.M3$bG12
100 1 $aGagnier, Jean.
245 13$aLa vie de Mahomet;$ctraduite et compilée de l'Alcoran, des traditions authentiques de la Sonna, et des meilleurs auteurs arabes.
260   $aA Amsterdam,$bChez les Wetsteins & Smith,$c1732.
300   $a2 v.$bfronts., fold. plate.
500   $aFictitious imprint?
600 00$aMuḥammad,$cProphet,$d-632.
988   $a20020608
906   $0OCLC

