LEADER 00711nam a2200241I  4500
001 005000555-3
005 20020606095253.2
008 850606s1966    gw       b    000 0 ger  
010   $a   67079298 
015   $aGDNB66-A33-90
035 0 $aocm12126657
040   $aDLC$cKUK$dHLS
050 0 $aHF1401$b.F86
082   $a335.43/7
100 1 $aFrüngel, Waldtraut.
245 10$aWirtschaftssysteme im Wettbewerb.$bZur Einwirkung des Sozialismus auf ökonomische Verhältnisse im Kapitalismus.
260   $aBerlin,$bDietz,$c1966.
300   $a254 p.$c21 cm.
504   $aBibliographical footnotes.
650  0$aCompetition, International.
650  0$aComparative economics.
988   $a20020608
906   $0DLC

