LEADER 00942nam a2200265 a 4500
001 005000556-1
005 20020606095253.2
008 831215s1961    fr a     c   l000 0 fre  
010   $a   83241058 
035 0 $aocm12133087
040   $aDLC$cDLC$dHFL
050 0 $aN6973.C58$bA4 1961
082 0 $a709/.2/4$219
100 1 $aCloson, Henri-Jean,$d1888-1975.
245 10$aExposition Henri-Jean Closon :$bGrenoble, Musée de peinture et de sculpture, du 16 juin au 30 août 1961.
246 3 $aCloson.
260   $aGrenoble :$bLe Musée,$c[1961]
300   $a47 p. :$bill. (some col.) ;$c24 cm.
500   $aCover title: Closon.
600 10$aCloson, Henri-Jean,$d1888-1975$vExhibitions.
655  7$aExhibition catalogs.$2fast
710 2 $aMusée de Grenoble.
776 08$iOnline version:$aCloson, Henri-Jean, 1888-1975.$tExposition Henri-Jean Closon.$dGrenoble : Le Musée, [1961]$w(OCoLC)613057362
988   $a20020608
906   $0DLC

