LEADER 00904nam a2200217Ia 4500
001 005000557-X
005 20020606095253.2
008 850614s1894    fr       b    001 0 fre d
035 0 $aocm12159278
040   $aLRL$cLRL$dHVL
043   $ae-fr---
100 1 $aBauby, Emile,$d1863-
245 10$aTraité théorique & pratique de la responsabilité civile des notaires :$bprécédé d'une introduction historique sur le notariat et suivi d'un projet de réforme de cette institution avec tables méthodique et analytique des matières /$cpar Émile Bauby.
246 3 $aTraité de la responsabilité civile des notaires.
260   $aParis :$bArthur Rousseau,$c1894.
300   $aviij, 765 p. ;$c27 cm.
500   $aSpine title: Traité de la responsabilité civile des notaires.
504   $aIncludes bibliographical references and index.
650  0$aNotaries$zFrance.
988   $a20020608
906   $0OCLC

