LEADER 00583nam a2200193   4500
001 005000558-8
005 00000000000000.0
008 850617s1951    dcu      s   f000 0 eng d
010   $a   51061093 
035 0 $aocm12166209
040   $aALM$cALM$dHBS
110 1 $aUnited States.$bBureau of Agricultural Economics.
245 10$aStatistics on commercial peanuts,$bby seasons, 1938-39 to 1949-50, months, 1945-46 to 1949-50.
260   $aWashington, D. C.,$c1951.
300   $a25 p.$c27 cm.
500   $aCover title.
650  0$aPeanuts$zUnited States.
988   $a20020608
906   $0OCLC

