LEADER 00779nam a2200229   4500
001 005000559-6
005 00000000000000.0
008 850617s1949    dcua         f000 0 eng d
035 0 $aocm12166688
040   $aALM$cALM$dHBS
110 1 $aUnited States.$bBureau of Agricultural Economics.
245 10$aFruits and nuts: bearing acreage, 1919-1946.
260   $aWashington$b[U. S. Govt. Print. Off.]$c1949.
300   $a39 p.$bdiagrs.$c30 cm.
490 0 $aCommodity statistics 32
500   $aCover title.
500   $aAt head of title: U. S. Dept. of Agriculture. Bureau of Agricultural Economics. Crop Reporting Board.
650  0$aFruit$zUnited States.
650  0$aNuts$zUnited States.
710 1 $aUnited States.$bCrop Reporting Board.
988   $a20020608
906   $0OCLC

