LEADER 00497nam a2200169K  4500
001 005000560-X
005 20020606095253.2
008 850621s1876    gw a          000 0 ger d
035 0 $aocm12187441
040   $aSMI$cSMI$dHMZ
100 1 $aClessin, S.$q(Stephan),$d1833-1911.
245 10$aDeutsche excursions-mollusken-fauna,$cvon S. Clessin.
260   $aNürnberg,$bBauer & Raspe,$c1876.
300   $a2 p. ℓ., [3]-581 p.$billus.$c19 cm.
650  0$aMollusks$zGermany.
988   $a20020608
906   $0OCLC

