LEADER 01001nam a2200265Ia 4500
001 005000561-8
005 20020606095253.2
008 850702s1916    sp            000 0 spa d
035 0 $aocm12227032
040   $aHDC$cHDC$dHLS
050  4$aJC571$b.G84
090   $aJC571$b.G84x
100 2 $aGiner de los Ríos, Francisco,$d1839-1915.
245 10$aPrincipios de derecho natural /$csumariamente expuestos por Francisco Giner y Alfredo Calderón.
260   $aMadrid :$b[s.n.],$c1916.
300   $axxii, 319 p. ;$c19 cm.
490 0 $aObras completas di Francisco Giner de los Riós ;$vt. 1
500   $aAt head of title: Prolegómenosdel derecho.
500   $aPreface signed: Adolfo Posada.
650  0$aNatural law.
700 1 $aCalderón y Arana, Alfredo,$d1850-1907.
700 1 $aPosada, Adolfo,$d1860-1944.
776 08$iOnline version:$aGiner de los Ríos, Francisco, 1839-1915.$tPrincipios de derecho natural.$dMadrid : [s.n.], 1916$w(OCoLC)657110208
988   $a20020608
906   $0OCLC

