LEADER 00574nam a2200193Ia 4500
001 005000562-6
005 20020606095253.2
008 850703s1965    fr a          000 0 rusod
035 0 $aocm12228655
040   $aAZU$cAZU$dHLS
090   $aPG3476.G475$bS4 1965
100 1 $aGinger, Aleksandr,$d1897-1965.
245 10$aSerdt︠s︡e :$bstikhi 1917-1964 /$cAleksandr Ginger.
260   $aParizh :$b[s.n.],$c1965$e[Paris :$fImprimerie Beresniak]
300   $a64 p. :$bport. ;$c17 cm.
500   $aIn Russian; romanized record.
500   $aPoems.
988   $a20020608
906   $0OCLC

