LEADER 01078cam a2200277 a 4500
001 005000563-4
005 20080627213700.0
008 850703s1948    dcu      b   f001 0 eng d
035 0 $aocm12230633
040   $aGZO$cGZO$dAGL$dHBS
072   $aE400$aX200
086 0 $aA 17.17:41
100 1 $aTurner, Howard B.$q(Howard Booth),$d1908-
245 10$aBibliography on cooperation in agriculture /$ccompiled by Howard B. Turner and Florence C. Bell.
260   $aWashington, D.C. :$bU.S. Dept. of Agriculture Library,$c1948.
300   $av, 178 p. ;$c27 cm.
490 1 $aLibrary list / United States Department of Agriculture Library ;$vno. 41
500   $aIncludes index.
500   $aSupersedes U.S. Farm Credit Administration, Bulletin 4, 1936.
504   $aBibliography: p. iv.
650  0$aAgriculture, Cooperative$vBibliography.
700 1 $aBell, Florence C.$q(Florence Colfax),$d1899-
710 2 $aNational Agricultural Library (U.S.)
830  0$aLibrary list (United States. Department of Agriculture. Library) ;$vno. 41.
988   $a20020608
906   $0OCLC

