LEADER 00971nam a2200241I  4500
001 005000564-2
005 20020606095253.2
008 850709s1963    gw a     b    000 0 ger  
010   $a   67116171 
035 0 $aocm12246389
040   $aDLC$cRCE$dHLS
050 0 $aAS182$b.B3315 1963, Nr. 2
100 1 $aFrühauf, Hans.
245 10$aVom Wesen der Information,$bder Informations-Verarbeitung, -Übertragung und -Aufnahme.
260   $aBerlin,$bAkademie-Verlag,$c1963.
300   $a22, [1] p.$billus.$c22 cm.
490 1 $aSitzungsberichte der Deutschen Akademie der Wissenschaften zu Berlin. Klasse für Mathematik, Physik und Technik, Jahrg. 1963,$vNr. 2
500   $aErratum slip inserted.
504   $aBibliography: p. [23]
650  0$aInformation storage and retrieval systems.
810 2 $aDeutsche Akademie der Wissenschaften zu Berlin.$bKlasse für Mathematik, Physik und Technik.$tSitzungsberichte.$nJahrg. 1963 ;$vNr. 2.
988   $a20020608
906   $0DLC

