LEADER 00576nam a2200193K  4500
001 005000565-0
005 20020606095253.2
008 850709s1947    ne            000 0 dut d
035 0 $aocm12247132
040   $aCLU$cCLU$dHLS
090   $aHC447$b.F943e
100 1 $aFruin, Thomas Antonie,$d1869-
245 14$aHet economische aspect van het Indonesische vraagstuk.$c[Door] Th. A. Fruin.
260   $aAmsterdam,$bUitgeverij Vrij Nederland$c[1947]
300   $a114 p.
440  0$aKantijl-reeks,$vno. 1
651  0$aIndonesia$xEconomic conditions.
988   $a20020608
906   $0OCLC

