LEADER 00485nam a2200157K  4500
001 005000566-9
005 20020606095253.2
008 850710n        xx       a    000 0 eng d
035 0 $aocm12251809
040   $aSMI$cSMI$dHLS
100 1 $aGirard, Charles,$d1822-1895.
245 00$aAbstract of a report to Lieut. James M. Gilliss, U.S.N., upon the reptiles collected during the U.S.N. Astronomical Expedition to Chili.
260   $a[n.p.,$cn.d.]
300   $a2 p.
988   $a20020608
906   $0OCLC

