LEADER 00781nam a2200217Ia 4500
001 005000567-7
005 20020606095253.2
008 850711s1894    fr       b    000 0 fre d
010   $a   16019257 
035 0 $aocm12252832
040   $aUIU$cUIU$dHVL
043   $ae------
090   $aK5192$b.C76
100 1 $aCroabbon, A.
245 13$aLa science du point d'honneur :$bcommentaire raisonné sur l'offense - le duel, ses usages et sa législation en Europe, la responsabilité civile, pénale, religieuse des adversaires et des témoins : avec pièces justificatives /$cpar A. Croabbon.
260   $aParis :$bLibrairies-Imprimeries Réunies,$c1894.
300   $aiv, 593 p. ;$c26 cm.
504   $aBibliography: p. 581-584.
650  0$aDueling.
988   $a20020608
906   $0OCLC

