LEADER 00573nam a22001817  4500
001 005000568-5
005 00000000000000.0
008 850712s1953    paua          000 0 eng d
035 0 $aocm12258395
040   $aGZD$cGZD$dHBS
100 1 $aAckerman, Laurence J.
245 10$aFundamentals of the federal old-age and survivors insurance, /$cby Laurence J. Ackerman and David Ivry.
250   $aRev. 1953.
260   $aPhiladelphia :$bAmerican College of Life Underwriters,$c1953.
300   $a18 p.:$billus., tables.
650  0$aOld age pensions.
988   $a20020608
906   $0OCLC

