LEADER 00747nam a2200217Ia 4500
001 005000569-3
005 20020606095253.2
008 850712s1897    ru            000 0 rusod
035 0 $aocm12258993
040   $aWAU$cWAU$dHLS
050  4$aPG3460.F8$bA17 1897
090   $aPG3460.F8$bA17 1897
100 1 $aFrug, S. G.$q(Semen Grigorʹevich),$d1860-1916.
240 10$aPoems
245 10$aStikhotvorenīi︠a︡ /$cS.G. Frug.
250   $aIzd. 3-e.
260   $aS.-Peterburg :$bTip. I. Golʹdberga,$c1897.
300   $a3 v. in 1 ;$c22 cm.
776 08$iOnline version:$aFrug, S.G. (Semen Grigorʹevich), 1860-1916.$sPoems.$tStikhotvorenīi͡a.$bIzd. 3-e.$dS.-Peterburg : Tip. I. Golʹdberga, 1897$w(OCoLC)657080751
988   $a20020608
906   $0OCLC

