LEADER 00806aam a2200265 a 4500
001 005000570-7
005 20020606095253.2
008 950427s1994    ag       b    000 0 spa  
010   $a   95146507 
020   $a9501407713
035 0 $aocm35138864
040   $aDLC$cDLC
043   $as-ag---
050 00$aKHA3156$b.F39 1994
100 1 $aFayt, Carlos S.
245 13$aLa supremacía constitucional y la independencia de los jueces /$cCarlos S. Fayt.
246 14$aSupremacía constitucional e independencia de los jueces
246 18$aSupremacía constitucional
260   $aBuenos Aires :$bDepalma,$c1994.
300   $axiii, 250 p. ;$c23 cm.
504   $aIncludes bibliographical references.
650  0$aJudicial power$zArgentina.
650  0$aJudicial power.
988   $a20020608
906   $0DLC

