LEADER 00841nam a2200229K  4500
001 005000571-5
005 20020606095253.2
008 850718s1946    hiua     b    000 0 eng d
035 0 $aocm12280598
040   $aCSJ$cCSJ$dHMZ
090   $aGN670$b.B6 vol.18, no.13
100 1 $aClench, William James,$d1897-1984.
245 10$aNew genera and species of Synceridae from Panape, Caroline Islands.$cBy William J. Clench.
260   $aHonolulu,$bBernice P. Bishop Museum,$c1946.
300   $a[199]-206 p.$billus.$c24 cm.
490 1 $aBernice Pauahi Bishop Museum. Occasional papers,$vv. 18, no. 13
650  0$aSynceridae.
650  0$aShells$zMicronesia (Federated States)$zPohnpei Island.
650  0$aShells$zCaroline Islands.
830  0$aOccasional papers of Bernice P. Bishop Museum ;$vv. 18, no. 13.
988   $a20020608
906   $0OCLC

