LEADER 00775nam a2200217K  4500
001 005000572-3
005 20020606095253.2
008 850719s1948    hiua          000 0 eng d
035 0 $aocm12284276
040   $aCSJ$cCSJ$dHMZ
090   $aGN670$b.B6 vol.19, no.8
100 1 $aClench, William James,$d1897-1984.
245 10$aTwo new genera and a new species of Synceridae from the Caroline Islands.$cBy William J. Clench.
260   $aHonolulu,$bBernice P. Bishop Museum,$c1948.
300   $a[191]-194 p.$billus.$c24 cm.
490 1 $aBernice Pauahi Bishop Museum. Occasional papers,$vv. 19, no. 8
650  0$aSynceridae.
650  0$aMollusks$zCaroline Islands.
830  0$aOccasional papers of Bernice P. Bishop Museum ;$vv. 19, no. 8.
988   $a20020608
906   $0OCLC

