LEADER 01437cam a2200313 a 4500
001 005000573-1
005 20020606095253.2
008 850703s1744    it       bc   000 0 ita  
010   $a   85116192 
035 0 $aocm12312361
040   $aDLC$cDLC$dHHG
043   $ae-it---
050 00$aZ340.T55$bT56 1744
082 00$a015.45/29$219
110 2 $aTipografia Volpi-cominiana.
245 10$aCatalogo de' libri cominiani ancora vendibili, co' legittimi loro prezzi a ragion di pronti contanti :$bA diversi de' quali in questa novella impressione si sono aggiunte alcune osservazioni.
260   $aIn Padova :$bApresso Giuseppe Comino,$c1744.
300   $aXXIV p. ;$c20 cm. (8vo)
500   $aPref. by Giuseppe Comino.
500   $aSignatures: A⁸ B⁴. LC copy has extra leaf at end bearing Volpi coat of arms and repeating imprint as given on p. XXIV but without date.
500   $aPrinter's imprint, p. xxiv: In Padova. 1744. Appresso Giuseppe Comino. Con licenza de'superiori.
500   $aIssued separately in 1744; apparently reissued in 1756 with G.C. Volpi's La libreria de'Volpi, with which it is here bound.
510 4 $aFederici, F. Annali della tipografia Volpi-cominiana,$cp. 190-191
610 20$aTipografia Volpi-cominiana$vCatalogs.
650  0$aEarly printed books$y18th century$vCatalogs.
651  0$aPadua (Italy)$xImprints.
700 1 $aComino, Giuseppe,$d-1756?
988   $a20020608
906   $0DLC

