LEADER 00678nam a2200217Ia 4500
001 005000574-X
005 20020606095253.2
008 850730s1859    au            000 0 ger d
035 0 $aocm12325649
040   $aRCE$cRCE$dHLS$dHMM
050  4$aD259$b.G5
090   $aD259$b.G5
100 1 $aGindely, Antonín,$d1829-1892.
245 10$aBeiträge zur Geschichte des dreissigjährigen Krieges /$cvon Anton Gindely.
260   $a[Wien? :$bs.n.,$c1859?]
300   $a64 p. ;$c25 cm.
500   $aTitle from caption.
650  0$aThirty Years' War, 1618-1648.
830  0$aHarvard College Library preservation microfilm program 2001 ;$v08073.$5mmf
988   $a20020608
906   $0OCLC

