LEADER 00604nas a2200217I  4500
001 005000575-8
005 20020606095253.2
008 850731u19639999et uu         0    0eng d
035 0 $aocm12329204
040   $aEEM$cEEM$dHLS
043   $af-et---
090   $aDT371$b.E79
245 00$aEthiopia;$binformation bulletin.
260   $aParis.
300   $av.$bill.
362 1 $aBegan with no. 1, Je. 1963.
515   $aNo more published in English after no. 19, continued only in the French edition.
546   $aIssued also in French.
651  0$aEthiopia$vPeriodicals.
988   $a20020608
906   $0OCLC

