LEADER 00841cam a2200193Ia 4500
001 005000576-6
005 20020606095253.2
008 850802s1889    nyu           000 0 eng d
035 0 $aocm12340505
040   $aSMI$cSMI$dDEH$dOCL$dHLS
050  4$aHF5438$b.G7
090   $aHF5438$b.G7
100 1 $aGoddard, Frederick B.$q(Frederick Bartlett),$d1834-
245 14$aThe art of selling :$bwith hints on good buying : also recent changes in business conditions and methods; salemen's compensation, opportunities, and prospects; commercial travelers; retail merchants and salesmen; saleswomen; how to read character; and the most important legal principles, points and decisions governing sales /$cby F.B. Goddard.
260   $aNew York :$bBaker & Taylor,$c1889.
300   $a128 p. ;$c19 cm.
650  0$aSelling.
988   $a20020608
906   $0OCLC

