LEADER 01909cam a2200277I  4500
001 005000577-4
005 20020606095253.2
008 850806s1865    it            000 0 ita  
010   $a   03008308 
035 0 $aocm12351107
040   $aDLC$cRCE$dOCL$dHLS
043   $ae-it---
050 0 $aPQ4204.A3$bC5$aDG867.A2G5
100 1 $aDi Giovanni, Vincenzo,$eed.
245 10$aCronache siciliane dei secoli XIII. XIV. XV.$cpub. per cura del professor Vincenzo di Giovanni.
260   $aBologna,$bG. Romagnoli,$c1865.
300   $a2 p. l., [vii]-lv, 401 p., 1 l.$c23 cm.
490 1 $aCollezione di opere inedite o rare dei primi tre secoli della lingua.$v[10]
505 0 $aLa conquesta di Sicilia per manu di lu conti Rugeri di Normandia, scritta da fra Simone da Lentini e non mai fin qui stampata, seguita dalla geneologia di lo conti Rugeri dello stesso frate.--Lu ribellamentu di Sicilia contra re Carlu, novellamente riscontrato col cod. Qq. D. 47 della Bibliot, comun. di Palermo, con la Leggenda modenese, e col cod. vaticano 5256.--La vinuta di lu re Japicu a la citati di Catania, scritta da lu patri frati Atanasiu di Jaci l'annu 1287. Riscontrata di nuovo col cod. Qq. D. 47 della Bibliot. communale di Palermo: e con le stampe sin' oggi fatte in varie raccolte.--Cronichi di quistu regno di Sicilia, 1068-1359, ora stampate per la prima volta.--Cronica di Sicilia per epitome, 827-1432, fin qui inedita.--Volgarizzamento di LXXXVI capi della Cronaca catalana di Raimondo Montaner fatto da anonimo siciliano e ora pubblicato per la prima volta.
651  0$aSicily (Italy)$xHistory$xSources.
655  7$aHistory.$2fast
655  7$aSources.$2fast
776 08$iOnline version:$aDi Giovanni, Vincenzo.$tCronache siciliane dei secoli XIII. XIV. XV.$dBologna, G. Romagnoli, 1865$w(OCoLC)657183563
830  0$aCollezione di opere inedite o rare ;$vvol. 10.
988   $a20020608
906   $0DLC

