LEADER 00670nam a2200193I  4500
001 005000578-2
005 20020606095253.2
008 850807s1952    fr a          000 0 ita  
010   $a   55025515 /L
035 0 $aocm12360619
040   $aDLC$cSMI$dHLS
050 0 $aCJ2684$b.G35
100 1 $aGamberini, Cesare.
245 00$aProntuario,$bprezziario delle monete correnti di Napoleone I (1802-1915).$cEmesse a tallone decimale francese per tutte le zecche metropolitane francesi e dei paesi occupati con valore espresso in francs e centimes.
260   $aBologna,$c1952.
300   $a167 p.$billus.$c17 cm.
650  0$aNumismatics$zFrance.
988   $a20020608
906   $0DLC

