LEADER 00478nam a2200193K  4500
001 005000579-0
005 20020606095253.2
008 850808s1956    it            000 0 ita d
035 0 $aocm12364567
040   $aCLU$cCLU$dHLS
090   $aHD7184$b.G43q 1956
100 1 $aGiovagnoli, Gino.
245 10$aQuale sarà la mia pensione?
250   $a4. ed.
260   $aTerni,$bAlterocca,$c1956.
300   $a181 p.
650  0$aSocial security$zItaly.
988   $a20020608
906   $0OCLC

