LEADER 00561nas a2200217I  4500
001 005000580-4
005 20020606095253.2
008 850813u19629999fr uu         0    0fre d
035 0 $aocm12379652
040   $aEEM$cEEM$dHLS
043   $af-et---
090   $aDT371$b.E792
245 02$aL'Ethiopie;$bbulletin d'information.
260   $aParis.
300   $av.$bill.
362 1 $aBegan with no. 1, Ag. 1962.
515   $aNo more published after no. 51?
546   $aAlso issued in English.
651  0$aEthiopia$vPeriodicals.
988   $a20020608
906   $0OCLC

