LEADER 00452nam a2200169Ia 4500
001 005000581-2
005 20020606095253.2
008 850813s1912    quc           000 0 fre d
035 0 $aocm12379691
040   $aVTU$cVTU$dHLS
090   $aPS9463.I72$bA159 1912
100 1 $aGirard, Rodolphe,$d1879-1956.
245 10$aContes de chez nous /$cRodolphe Girard.
260   $aMontréal :$b[s.n.]$c1912.
300   $a242 p. ;$c20 cm.
988   $a20020608
906   $0OCLC

