LEADER 00822cam a2200205Ia 4500
001 005000582-0
005 20020606095253.2
008 850814s1860    scu           000 0 eng d
035 0 $aocm12383551
040   $aSBM$cSBM$dOCL$dHLS
090   $aE459$b.G57 1860
100 1 $aGirardeau, John L.$q(John Lafayette),$d1825-1898.
245 10$aConscience and civil government :$ban oration delivered before the Society of Alumni of the College of Charleston on Commencement Day, March 27th, 1860 /$cby the Rev. John L. Girardeau.
260   $aCharleston, S.C. :$bEvans & Cogswell,$c1860.
300   $a20 p. ;$c24 cm.
500   $a"Published by the request of the Society."
651  0$aUnited States$xHistory$yCivil War, 1861-1865$xCauses.
710 2 $aCollege of Charleston.$bSociety of Alumni.
988   $a20020608
906   $0OCLC

