LEADER 00511nam a2200193K  4500
001 005000583-9
005 20020606095253.2
008 850820s1972    nyuf     b    000 0 eng d
035 0 $aocm12402384
040   $aBUF$cBUF$dHLS
090   $aDK35$b.G56
100 1 $aGlaskow, Wasili G.
245 10$aHistory of the Cossacks,$cby W.G. Glaskow.
260   $aNew York,$bR. Speller$c[1972]
300   $a163 p.$cplates.$c24 cm.
504   $aBibliography: p. 155-158.
650  0$aCossacks.
988   $a20020608
906   $0OCLC

