LEADER 00750nam a22002297  4500
001 005000584-7
005 00000000000000.0
008 850820s1967    fr a     b    000 0 fre d
035 0 $aocm12405280
040   $aCLU$cCLU$dHBS
100 1 $aSterin, Alain.
245 14$aLes Coopératives de la dernière chance, le cas des fruits et légumes ...$cAvant-propos de Claude Mouton.
260   $aParis,$bÉditions Cujas,$c1967.
300   $a244 p.$billus.$c24 cm.
490 0 $aMarchés et structures agricoles,$v7
504   $aBibliography: p. [233]-235.
650  0$aFruit trade$zFrance.
650  0$aFruit$xCooperative marketing.
650  0$aVegetable trade$zFrance.
650  0$aVegetables$xCooperative marketing.
988   $a20020608
906   $0OCLC

