LEADER 00710nam a2200205K  4500
001 005000585-5
005 20020606095253.2
008 850822s1850    enk     a     000 0 eng d
035 0 $aocm12414048
040   $aCSJ$cCSJ$dHLS
090   $aLA636.8$b.G55x
100 1 $aGladstone, W. E.$q(William Ewart),$d1809-1898.
245 10$aSpeech on the Commission of Inquiry into the State of the Universities of Oxford and Cambridge.
260   $aOxford,$bJ.H. Parker,$c1850.
300   $a51 p.$c21 cm.
610 20$aUniversity of Cambridge.
610 10$aGreat Britain.$bCommission of Inquiry into the State of the Universities of Oxford and Cambridge.
610 20$aUniversity of Oxford.
988   $a20020608
906   $0OCLC

