LEADER 00714nam a2200229Ia 4500
001 005000586-3
005 20020606095253.2
008 850823s1912    fr       b    000 0 fre  
010   $a   17017267 
035 0 $aocm12414933
040   $aDLC$cUIU$dUIU$dHVL
043   $ae-fr---
090   $aKJV3845.A8$bL43
100 1 $aLefèvre, E.$q(Eugène)
245 14$aLes avocats du roi depuis les origines jusqu'à la révolution /$cpar Eugène Lefèvre.
260   $aParis :$bA. Rousseau,$c1912.
300   $a298 p. ;$c26 cm.
502   $aThesis (doctoral)--Université de Paris.
504   $aIncludes bibliographical references.
650  0$aCourts$zFrance$xOfficials and employees.
988   $a20020608
906   $0DLC

