LEADER 00544naa a2200193K  4500
001 005000587-1
005 20020606095253.2
008 850823r19081908xx            000 0 eng d
035 0 $aocm12417906
040   $aCLU$cCLU$dHMZ
090   $aHD9484.G9$bC6
100 1 $aCoker, R. E.$q(Robert Ervin),$d1876-1967.
245 00$aRegarding the future of the guano industry and the guano-producing birds of Peru.
260   $a[n.p.]$c1908.
300   $a6 p.
650  0$aGuano.
773 0 $tScience. N.S.$g1908. 28. 58-64.
988   $a20020608
906   $0OCLC

