LEADER 00744nam a22002057a 4500
001 005000588-X
005 00000000000000.0
008 850826s1925    xx a          000 0 dan d
035 0 $aocm12426764
040   $aCLU$cCLU$dHBS$dHMM
110 1 $aDutch East Indies.$bDienst der Belastingen.
245 10$aTabak :$btabakscultuur en tabaksproducten van Nederlandsch-Indië /$cuitgave van den Dienst der Belastingen in Nederlandsch-Indië.
246 10$aTabakscultuur en tabaksproducten van Nederlandsch-Indie
260   $aWeltevreden [Batavia] :$bLandsdrukkerij,$c1925.
300   $ax, 300 p. :$bill. ;$c27 cm.
500   $a"Bronnen": p. [v]
650  0$aTobacco$zIndonesia.
650  0$aTobacco industry$zIndonesia.
988   $a20020608
906   $0OCLC

