LEADER 00962nam a2200253   4500
001 005000589-8
005 00000000000000.0
008 850827s1931    enk          f100 0 eng c
010   $aagr31000741 
035 0 $aocm12430689
040   $aLibrary, U.S. Dept. of Agriculture$cCLU$dHBS
050  4$aHD9890.1$b.I34 1930r
111 2 $aImperial Wool Research Conference$d(1930 :$cLondon, England, etc.)
245 10$aReport of proceedings. March, 1931.
260   $aLondon,$bH.M. Stationery Off.,$c1931.
300   $a107 p.$c25 cm.
500   $aAt head of title: Empire Marketing Board.
650  0$aWool$vCongresses.
650  0$aWool.
655  7$aConference proceedings.$2fast
710 1 $aGreat Britain.$bEmpire Marketing Board.
776 08$iOnline version:$aImperial Wool Research Conference (1930 : London, Leeds, Edinburgh).$tReport of proceedings. March, 1931.$dLondon, H.M. Stationery Off., 1931$w(OCoLC)691613067
988   $a20020608
906   $0OCLC

