LEADER 00743nam a2200217 a 4500
001 005000590-1
005 00000000000000.0
008 850828s1853    enk           000 0 eng d
035 0 $aocm12432600
040   $aEEM$cEEM$dHBS
043   $ae-uk---
100 1 $aPlayfair, Lyon Playfair,$cBaron,$d1818-1898.
245 10$aScience in its relations to labour :$bbeing a speech delivered at the anniversary of the People's College, Sheffield, on the 25th October, 1853 /$cby Lyon Playfair.
250   $aAuthorised edition.
260   $aLondon :$bChapman and Hall,$c1853.
300   $a24 p. ;$c20 cm.
650  0$aScience and civilization.
650  0$aScience and industry.
650  0$aEducation$zGreat Britain.
988   $a20020608
906   $0OCLC

