LEADER 00590nam a2200205Ia 4500
001 005000591-X
005 20020606095253.2
008 850830s1954    it       b    000 0 ita c
010   $aa  54006677 
035 0 $aocm12443255
040   $aHarvard Univ. Library$cBUF$dBUF$dHLS
090   $aCB361$b.F78 1954
100 1 $aFrugoni, Arsenio.
245 10$aIncontri nel Rinascimento;$bpagine di erudizione e di critica.
260   $a[Brescia]$bLa Scuola$c[1954]
300   $a219 p.$c22 cm.
500   $aIncludes bibliographical references.
650  0$aRenaissance.
988   $a20020608
906   $0MH

