LEADER 00903cas a2200265Ia 4500
001 005000592-8
005 20020606095253.2
008 850909c190u9999sp mr p       0    0spa d
035 0 $aocm12526654
040   $aVYS$cVYS$dNYS$dHLS
041 0 $aspalatita
245 00$aEstudis Franciscans.
260   $aBarcelona :$b[Convent de Fra-Menors Caputxins,
300   $av. ;$c24 cm.
310   $aMonthly
321   $aQuarterly
500   $a"Revista trimestral de̓studis eclesiàstics i franciscanisme."
500   $a"Publicació mensual dirigida pels pares Caputxins."
500   $aDescription based on: Etapa 3, any 7, v. 30; title from vol. t.p.
546   $aText in Spanish with some Latin and Italian.
550   $aIssued by: Convent de Fra-Menors Caputxins, Barcelona (Sarrià)
610 20$aCapuchins$zSpain$vPeriodicals.
780 00$tEstudios franciscanos
988   $a20020608
906   $0OCLC

