LEADER 01757cam a2200301   4500
001 005000593-6
005 20110119184131.0
008 700507s1969    nyuabk   bs   000 0 eng  
010   $a   76604306 //r852
035 0 $aocm12557396
035 0 $aocm12557396$zocm00071718$zocm00560436$zocm02845069
040   $aDLC$cDLC$dHLS
043   $an-us---
050 0 $aHQ766.5.U5$bC44 1969
082   $a353.008/4
110 2 $aCenter for Family Planning Program Development (Planned Parenthood-World Population)
245 10$aNeed for subsidized family planning services: United States, each State and county, 1968.$bA report produced by Center for Family Planning Program Development, the Technical Assistance Division of Planned Parenthood-World Population for the Family Planning Program [and] Office of Health Affairs, Office of Economic Opportunity.
260   $a[New York,$c1969]
300   $aviii, 255 p.$billus., forms, maps.$c30 cm.
500   $a"Summary for the U.S., each region, State, and county; of need for subsidized family planning services; current service levels; related health, social, and demographic indices; and available resources for expansion of family planning programs."
504   $aBibliographical footnotaes.
650  0$aBirth control$zUnited States$vStatistics.
650  0$aFamily planning$zUnited States$vStatistics.
655  7$aStatistics.$2fast
710 1 $aUnited States.$bOffice of Economic Opportunity.$bOffice of Health Affairs.
776 08$iOnline version:$aCenter for Family Planning Program Development (Planned Parenthood-World Population).$tNeed for subsidized family planning services: United States, each State and county, 1968.$d[New York, 1969]$w(OCoLC)827200779
988   $a20020608
906   $0DLC

