LEADER 00653nam a2200229 a 4500
001 005000594-4
005 20020606095253.2
008 850813r19251925ctu           000 1 eng  
010   $a   84233703 
035 0 $aocm12558079
040   $aDLC$cDLC$dHHG
050 0 $aPR6007.E3$bC6 1925
082 0 $a823/.912$219
100 1 $aDe la Mare, Walter,$d1873-1956.
245 14$aThe connoisseur /$cby Walter De La Mare.
260   $aNew Haven, Conn. :$bYale Pub. Association,$c[1925]
300   $a37 p. ;$c25 cm.
500   $aCover title.
500   $a"Reprinted from the Yale review, July 1925."
500   $aCaption title.
988   $a20020608
906   $0DLC

