LEADER 00714nam a22001937  4500
001 005000595-2
005 00000000000000.0
008 850916s1968    nyu           000 0 eng d
035 0 $aocm12560926
040   $aCLU$cCLU$dHBS
245 00$aNew careers in private industry.$bPapers presented at a Conference under the auspices of the Urban League of Greater New York, Inc. and the New York Chamber of Commerce on July 10, 1968, New York.
260   $aNew York,$bNew York Chamber of Commerce,$c1968.
300   $a72 p.
500   $aCover title.
650  0$aEmployees$xTraining of$vCase studies.
710 2 $aNew York Chamber of Commerce.
710 2 $aUrban League of Greater New York.
988   $a20020608
906   $0OCLC

