LEADER 00727nam a22002057  4500
001 005000596-0
005 00000000000000.0
008 850923s1934    sa            000 0 eng d
035 0 $aocm12590409
040   $aCLU$cCLU$dHBS
110 1 $aSouth Africa.$bCommission on Co-operation and Agricultural Credit.
245 10$aReport of the Commission to inquire into co-operation and agricultural credit ...
260   $aCape Town,$bCape Times Ltd.,$c1934.
300   $a207 p.
500   $aAt head of title: Union of South Africa.
650  0$aAgricultural cooperative credit associations$zSouth Africa.
650  0$aAgricultural credit$zSouth Africa.
700 1 $aViljoen, Philippus Rudolph,$d1889-
988   $a20020608
906   $0OCLC

