LEADER 00629nas a2200205I  4500
001 005000597-9
005 20020606095253.2
008 850925d194719uuii mr p       0   a0eng d
035 0 $aocm12597497
040   $aCOO$cCOO$dHLS
043   $aa-ii---
090   $aDS401$b.E89
245 00$aEurasia.
260   $aCalcutta,$bPrint. and pub. by B. K. Roy,$c1947-
362 0 $av. 1- Dec. 1947-
500   $a"A monthly journal aiming to interpret the aspirations and social economy of free India and the culture of the East and the West."
515   $aCeased publication.
651  0$aIndia$vPeriodicals.
988   $a20020608
906   $0OCLC

