LEADER 00597nam a2200181K  4500
001 005000598-7
005 20020606095253.2
008 851004r19191843enk           000 0 eng d
035 0 $aocm12637171
040   $aCLU$cCLU$dHLS
090   $aHF1533$b.G45c
100 1 $aGladstone, W. E.$q(William Ewart),$d1809-1898.
245 00$aCourse of commercial policy at home and abroad.$bReprinted from the Foreign and colonial quarterly review, January, 1843.
260   $aWestminster,$bCobden Club,$c1919.
300   $a79 p.$c19 cm.
651  0$aGreat Britain$xCommercial policy.
988   $a20020608
906   $0OCLC

