LEADER 00913cam a2200205K  4500
001 005000599-5
005 20020606095253.2
008 851009n        gw            000 0 ger d
035 0 $aocm12648503
040   $aDRB$cDRB$dOCL$dHLS
041 1 $ager$hlat
100 1 $aGóis, Damião de,$d1502-1574.
245 10$aGlaubhafftige Zeytung und Bericht des Kriegs so zwischen dem König auss Portugall und dem türckischen Kaiser in India her Disshalb des Fluss Ganges kurz verzuckter Zeyt verlauffen beschriben in Latein,$cvon dem edlen Ritter Portugalesern and den Hochwirdigiste Cardinal Bembo und auss Demselben in teutsch Transferiert ...
260   $a[Augspurg,$bP. Uhhart,$cn.d.]
300   $a[21] p.$c18 cm.
500   $aTranslation of the author's Commentarius rerum gestarum in India citra Gangem a Lusitanis.
651  0$aDaman and Diu (India)
651  0$aGoa (India : State)
988   $a20020608
906   $0OCLC

