LEADER 01056nam a2200241Ia 4500
001 005000600-2
005 20020606095253.2
008 851010s1883    enk           000 0 eng  
010   $a   16004377 
035 0 $aocm12653987
040   $aDLC$cISB$dISB$dHLS
050 0 $aDA563$b.A6 1883
100 1 $aGladstone, W. E.$q(William Ewart),$d1809-1898.
245 10$aParliamentary oaths /$cspeech delivered by W.E. Gladstone, in the House of Commons, on the second reading of the Parliamentary Oaths Act Amendment Bill, on Thursday, the 26th April, 1883.
260   $aLondon :$bNational Press Agency,$c[1883]
300   $a16 p. ;$c22 cm.
500   $a"Printed for the Liberal Central Association, 41 and 42, Parliament Street, Westminster, S.W".
600 10$aBradlaugh, Charles,$d1833-1891.
650  0$aOaths.
710 2 $aLiberal Central Association (Great Britain)
776 08$iOnline version:$aGladstone, W.E. (William Ewart), 1809-1898.$tParliamentary oaths.$dLondon : National Press Agency, [1883]$w(OCoLC)665224480
988   $a20020608
906   $0DLC

