LEADER 00531caa a2200181K  4500
001 005000601-0
005 20020606095253.2
008 851010s1896    pau           000 0 eng d
035 0 $aocm12655843
040   $aIQU$cIQU$dHMZ
100 1 $aCockerell, Theodore D. A.$q(Theodore Dru Alison),$d1866-1948.
245 14$aThe bees of the genus Perdita F. Smith.
260   $aPhiladelphia,$c1896.
300   $ap. 25-107$billus.$c23 cm.
650  0$aBees.
773 0 $tProc. Acad. Nat. Sci.$gPhila. 1896. 25-107.
988   $a20020608
906   $0OCLC

