LEADER 00722cam a2200241I  4500
001 005000602-9
005 20020606095253.2
008 851010s1954    it cf    b    000 0 ita d
010   $aa  56005387 
035 0 $aocm12655953
040   $aCTB$cCTB$dVXX$dHFL
050  4$aHV6249$b.F3
100 1 $aFerri, Enrico,$d1856-1929.
245 12$aI delinquenti nell'arte.$bCommento e note di Bruno Cassinelli.
260   $aMilano,$bDall'Oglio$c[1954]
300   $a315 p.$b24 plates, port.$c22 cm.
504   $aBibliography: p. [297]-315.
650  0$aCrime in literature.
650  0$aCriminal anthropology.
700 1 $aCassinelli, Bruno,$d1893-
700 1 $aCassinelli, Bruno,$d1893-1970.
988   $a20020608
906   $0OCLC

