LEADER 00669nam a2200217 a 4500
001 005000603-7
005 20020606095253.2
008 941123s1902    sp a         |000|0|spa|d
035 0 $aocm38565824
100 1 $aSanmartí, Primitivo.
245 10$aArte gradual de lectura y escritura /$cPrimitivo Sanmartí.
250   $aNueva ed.
260   $aBarcelona :$bTipografía Católica,$c1902.
300   $a95 p. :$bill. ;$c21 cm.
650  0$aSpanish language$xStudy and teaching (Elementary)$zSpain.
650  0$aCopybooks.
650  0$aPenmanship.
655  7$aWriting books$zSpain$zBarcelona$y1902.$2rbgenr
752   $aSpain$dBarcelona.
988   $a20020608
906   $0MH

