LEADER 00797nam a2200229I  4500
001 005000604-5
005 20020606095253.2
008 851010s1922    fr a          000 0 fre  
010   $a   22013624 
035 0 $aocm12655956
040   $aDLC$cFKS$dHLS
050 0 $aTL545$b.G2
100 1 $aGambier, Paul,$d1888-
245 10$aCours pratique d'aviation;$cpréface de M. P.-E. Flandin ... 210 figures et photographies.
260   $aParis,$bLibrairie Delagrave,$c1922.
300   $aviii, 292 p.$billus., diagrs.$c19 cm.
500   $aAt head of title: Capitaine Gambier et Lt. de vaisseau J. Amet., pilotes aviateurs.
650  0$aAeronautics.
700 1 $aAmet, Jacques Marie Albert,$d1894-$ejoint author.
700 1 $aAmet, Jacques Marie Albert,$d1894-$eauthor.
988   $a20020608
906   $0DLC

