LEADER 00969nam a2200265I  4500
001 005000605-3
005 20020606095253.2
008 851011s1963    pl a          000 0 pol  
010   $a   64051902 
035 0 $aocm12660175
040   $aDLC$cYBM$dHLS
050 0 $aZ4$b.G6
100 1 $aGocel, Ludwik,$d1889-1966.
245 10$aPrzypadki jej królewskiej mości książki.
250   $a[Wyd.1.
260   $aWrocław]$bOssolineum,$c1963.
300   $a353 p.$bfacsims.$c20 cm.
440  0$aKsiążki o książce
504   $aBibliography: p. 344-[346]
650  0$aBooks$xHistory.
655  7$aHistory.$2fast
776 08$iOnline version:$aGocel, Ludwik, 1889-1966.$tPrzypadki jej królewskiej mości książki.$b[Wyd. 1.$dWrocław] Ossolineum, 1963$w(OCoLC)580177771
776 08$iOnline version:$aGocel, Ludwik, 1889-1966.$tPrzypadki jej królewskiej mości książki.$b[Wyd. 1.$dWrocław] Ossolineum, 1963$w(OCoLC)610457327
988   $a20020608
906   $0DLC

