LEADER 00986nam a2200265Ia 4500
001 005000606-1
005 20020606095253.2
008 851018s1614    xx            000 0afre d
035 0 $aocm12691683
040   $aEEM$cEEM$dHHG
043   $ae-fr---
050  4$aDC122.9.C73$bA4 1614
090   $aDC122.9.C73$bA4 1614
100 1 $aCondé, Henri II de Bourbon,$cprince de,$d1588-1646.
245 10$aLettre de Monsieur le Prince, enuoyée à la Royne :$btouchant le refus à luy faict en la ville de Poictiers.
260   $a[S.l. :$bs.n.],$c1614.
300   $a8 p. ;$c18 cm. (4to)
500   $aCover title.
500   $a"De Chastellerau ce 25. Iuin 1614" -- p. 8.
500   $aNo. 9 in a volume of pamphlets lettered on spine: Recueil de pièces sous Louis 13 [1614-1615].
600 10$aCondé, Henri II de Bourbon,$cprince de,$d1588-1646.
651  0$aPoitiers (France)$xHistory.
600 10$aCondé, Henri de Bourbon,$cprince de,$d1588-1646.
988   $a20020608
906   $0OCLC

