LEADER 00547nam a2200169Ia 4500
001 005000607-X
005 20020606095253.2
008 851021s1910    quc           000 0 fre d
035 0 $aocm12699634
040   $aVTU$cVTU$dHLS
090   $aPS9463.I72$bA73 1910
100 1 $aGirard, Rodolphe,$d1879-1956.
245 12$aL'Algonquine :$broman des jours héroiques du Canada sous la domination française /$cRodolphe Girard.
260   $aMontréal :$bCompagnie de Publication de "La Patrie",$c1910.
300   $a65 p. ;$c23 cm.
988   $a20020608
906   $0OCLC

