LEADER 00963nam a2200253I  4500
001 005000608-8
005 20020606095253.2
008 851024s1881    fr       b    000 0 fre  
010   $a   10020958 
035 0 $aocm12715233
040   $aDLC$cCLU$dHVL
050 0 $aHV6545$b.L4
060 00$aW 600$bL516s 1881
060 00$aFilm 2855 no. 4
100 1 $aLegoyt, A.$q(Alfred),$d1815-1885.
245 03$aLe suicide ancien et moderne;$bétude historique, philosophique, morale et statistique,$cpar A. Legoyt ...
260   $aParis,$bA. Drouin,$c1881.
300   $a3 p. ℓ., viii, 468 p.$c22 cm.
504   $a"Bibliographie": p. [453]-464.
650  0$aSuicide.
776 08$iAlso issued on microfilm.$d[Bethesda, Md.] : National Library of Medicine, 1991.$h1 microfilm reel : negative ; 35 mm.
776 08$iOnline version:$aLegoyt, A. (Alfred), 1815-1885.$tSuicide ancien et moderne.$dParis, A. Drouin, 1881$w(OCoLC)875120835
988   $a20020608
906   $0DLC

