LEADER 00731nam a2200205Ia 4500
001 005000609-6
005 20020606095253.2
008 851029s1917    qucc     b    000 0 fre d
035 0 $aocm12732201
035 0 $aocm12732201$zocm23416852
040   $aVTU$cVTU$dHLS
090   $aPS9463.A38$b.A6 1917
100 1 $aGagnon, Ernest,$d1834-1915.
245 10$aPages choisies /$cErnest Gagnon ; précédées d'une notice biographique par l'hon. Ths. Chapais ... et d'une étude sur l'auteur par l'abbé Elie-J. Auclair ...
260   $aQuébec :$bJ.P. Garneau,$c1917.
300   $a338 p. :$bport. ;$c20 cm.
600 10$aGagnon, Ernest,$d1834-1915.
700 1 $aAuclair, Elie-J.$q(Elie-Joseph),$d1866-1946.
988   $a20020608
906   $0OCLC

