LEADER 01060nam a2200253   4500
001 005000610-X
005 00000000000000.0
008 851106s1954    fr a          000 0 eng  
010   $a   55029758 
035 0 $aocm12767081
035 0 $aocm12767081$zocm19420450
040   $aDLC$cKUK$dMNP$dHBS
050 0 $aHD9255.A2$bO7
110 2 $aOrganisation for European Economic Co-operation.$bWorking Party on Fruit and Vegetables.
245 10$aStone fruit, structure of intra-European production and markets, prospects for the 1954 season;$breport.
260   $aParis,$bOrganisation for Economic Co-operation$c[1954]
300   $a37 p.$btables.$c27 cm.
650  0$aCherry.
650  0$aPlum.
650  0$aPeach.
650  0$aApricot.
776 08$iOnline version:$aOrganisation for European Economic Co-operation. Working Party on Fruit and Vegetables.$tStone fruit, structure of intra-European production and markets, prospects for the 1954 season.$dParis, Organisation for Economic Co-operation [1954]$w(OCoLC)906655396
988   $a20020608
906   $0DLC

