LEADER 00971nam a2200229Ia 4500
001 005000611-8
005 20020606095253.2
008 851115s1873    sz            000 0 fre d
035 0 $aocm12799411
040   $aVTU$cVTU$dHVL
043   $ae-fr---
050  4$aBX1720$b.B38 1873
090   $aBX1720$b.B38 1873
100 0 $aBaudichon de la Maison Neuve,$edefendant.
245 10$aProcès de Baudichon de la Maison Neuve, accusé d'hérésie à Lyon, 1534 /$cpublié pour la première fois d'après le manuscrit original conservé aux Archives de Berne & précéde d'un avant-propos par J.G. Baum ...
260   $aGenève :$bJ.G. Fick,$c1873.
300   $avii, 202 p. ;$c17 cm.
650  0$aInquisition$zFrance$zLyon.
700 1 $aBaum, G.,$d1809-1878.
776 08$iOnline version:$aBaudichon de la Maison Neuve.$tProcès de Baudichon de la Maison Neuve, accusé d'hérésie à Lyon, 1534.$dGenève : J.G. Fick, 1873$w(OCoLC)903911072
988   $a20020608
906   $0OCLC

