LEADER 00649cam a2200205 a 4500
001 005000612-6
005 20020606095253.2
008 851119s1853    fr       b    000 0 fre d
035 0 $aocm12818262
040   $aDRB$cDRB$dHLS$dHMM
100 1 $aGirardin, Emile de,$d1806-1881.
245 10$aSolutions de la question d'Orient /$cÉmile de Girardin.
260   $aParis :$bLibr. nouvelle,$c1853.
300   $a159 p. ;$c22 cm.
504   $aIncludes bibliographical references.
650  0$aEastern question.
651  0$aTurkey$xHistory.
830  0$aHarvard College Library preservation microfilm program ;$v02927.$5mmf
988   $a20020608
906   $0OCLC

