LEADER 00731nam a2200241I  4500
001 005000613-4
005 20020606095253.2
008 851119s1951    sz            000 0 fre  
010   $a   52027136 /L
035 0 $aocm12820794
040   $aDLC$cKUK$dKUK$dHFL
050 0 $aND1265$b.G7
100 1 $aGrenier, Jean,$d1898-1971.
245 12$aL'esprit de la peinture contemporaine, suivi de quelques études sur Braque, Chagall, Lhote.
260   $aLausanne,$bÉditions Vineta$c[1951]
300   $a93 p.$c19 cm.
600 10$aBraque, Georges,$d1882-1963.
600 10$aChagall, Marc,$d1887-1985.
600 10$aLhote, André,$d1885-1962.
650  0$aPainting$xHistory.
650  0$aModernism (Art)
988   $a20020608
906   $0DLC

