LEADER 01885nam a2200265Ia 4500
001 005000614-2
005 20020606095253.2
008 851120c19651961mau           001 0 eng d
020   $a0807066818 (pbk.)
035 0 $aocm12824224
040   $aISJ$cISJ$dHFL
050 14$aNX454$b.G73 1984
100 1 $aGreenberg, Clement,$d1909-
245 10$aArt and culture :$bcritical essays /$cClement Greenberg.
260   $aBoston :$bBeacon Press,$c1965, c1961.
300   $ax, 278 p. ;$c21 cm.
490 0 $aBeacon paperbacks ;$v212
500   $aIncludes index.
505 0 $aAvant-garde and kitsch -- The plight of culture -- The later Monet -- Renoir -- Cézanne -- Picasso at seventy-five -- Collage -- Georges Rouault -- Braque -- Marc Chagall -- Master Léger -- Jacques Lipchitz -- Kandinsky -- Soutine -- The school of Paris : 1946 -- Contribution to a symposium -- "Primitive" painting -- Abstract, representational, and so forth -- The new sculpture -- Partisan Review "Art chronicle" : 1952 -- The crisis of the easel picture -- Modernist sculpture, its pictorial past -- Wyndham Lewis against abstract art -- Byzantine parallels -- On the role of nature in modernist painting -- Thomas Eakins -- John Marin -- Winslow Homer -- Hans Hofmann -- Milton Avery -- David Smith -- "American-type" painting -- The late thirties in New York -- T.S. Eliot : a book review -- A Victorian novel -- Bertolt Brecht's poetry -- Kafka's Jewishness.
520   $aCulture - Art in Paris - Abstract, Representational art - New Sculpture - Modernist Sculpture - Byzantine parallels - Modernist painting - Art in the United States - Literature.
650  0$aArts, Modern$y19th century.
650  0$aArts, Modern$y20th century.
776 08$iOnline version:$aGreenberg, Clement, 1909-1994.$tArt and culture.$dBoston : Beacon Press, 1965, ©1961$w(OCoLC)761448299
988   $a20020608
906   $0OCLC

