LEADER 00958cam a2200289Ia 4500
001 005000615-0
005 20100817175529.0
008 851204s1961    enk          f100 0 eng d
015   $aGB62-11112
035 0 $aocm12868051
040   $aWUL$cWUL$dUKM$dHLS
043   $af-gm---
082 04$a342.6651024$218
090   $aJQ3001.A2$bG35
110 2 $aGambia Constitutional Conference$d(1961 :$cLondon, England)
245 10$aReport of the Gambia Constitutional Conference, 1961.
260   $aLondon :$bH.M.S.0.,$c1961.
300   $a7 p. ;$c25 cm.
440 0 $aCmnd. ;$v1469
500   $aAt head of title: Colonial Office.
500   $a"Presented to Parliament by the Secretary of State for the Colonies by Command of Her Majesty, August, 1961."
651  0$aGambia$xPolitics and government.
650  0$aConstitutional law$zGambia.
710 1 $aGreat Britain.$bColonial Office.
830  0$aLLMC Digital$5net
988   $a20020608
906   $0OCLC

