LEADER 00773nam a2200229Ia 4500
001 005000616-9
005 20020606095253.2
008 851213s1940    fr       b    000 0 fre d
035 0 $aocm12904645
035 0 $aocm12904645$zocm31220818
040   $aUIU$cUIU$dHVL
043   $ae-fr---
090   $aKJV187$b.Q83
100 1 $aQuentin, Pierre.
245 14$aLes conditions d'exercice de l'action instituée par la loi du 25 janvier 1934 contre les caisses de garantie notariales /$cPierre Quentin ; préf de B. Fauvel.
260   $aParis :$bRecueil Sirey,$c1940.
300   $ax, 208 p. ;$c26 cm.
500   $aIssued also as thesis (doctoral)--Université de Paris.
504   $aBibliography: p. [204]-206.
650  0$aNotaries$zFrance.
988   $a20020608
906   $0OCLC

