LEADER 01064nas a2200301Ia 4500
001 005000617-7
005 20020606095253.2
008 851217d19581963it br p       0   a0ita d
035 0 $aocm12925108
040   $aGAT$cGAT$dHLS
041 0 $aitagerfreeng
090   $aTK9001$b.E83x
245 00$aEuropa nucleare =$bEurope nucléaire = Nuklear Europa = Nuclear Europe.
246 11$aEurope nucléaire
246 11$aNuklear Europa
246 11$aNuclear Europe
260   $aRoma :$b[s.n.],$c1958-1963.
300   $a6 v. :$bill. ;$c31 cm.
310   $aBimonthly
362 0 $aanno 1, n. 1 (genn./febbr. 1958)-anno 6, n. 6 (nov./dic. 1963)
546   $aTitle and text in various languages.
550   $aBulletin of: the EURATOM Commission of the International Business Executives Confederation.
650  0$aNuclear engineering$vPeriodicals.
650  0$aNuclear industry$vPeriodicals.
710 2 $aConfédération internationale des cadres.
710 2 $aConfédération internationale des cadres.$bEuratom Commission.
988   $a20020608
906   $0OCLC

