LEADER 00504nam a2200193K  4500
001 005000618-5
005 20020606095253.2
008 860102s1962    it a          000 0 ita d
035 0 $aocm12964373
035 0 $aocm12964373$zocm23512143
040   $aCLU$cCLU$dHLS
090   $aD763.I82$bR6g
100 1 $aGiovannetti, Alberto.
245 10$aRoma, città aperta.
260   $aMilano,$bAncora$c[1962]
300   $a309 p.$billus.
650  0$aWorld War, 1939-1945$zItaly$zRome.
988   $a20020608
906   $0OCLC

