LEADER 00424nam a2200181K  4500
001 005000619-3
005 20020606095253.2
008 860108s1963    it            000 0 ita d
035 0 $aocm12989703
040   $aCLU$cCLU$dHLS
090   $aDG405$b.L55t
100 1 $aLeone, Giovanni,$d1908-
245 10$aTestimonianze.
260   $a[Roma]$bMondadori$c[1963]
300   $a421 p.
651  0$aItaly.
988   $a20020608
906   $0OCLC

