LEADER 00938cam a2200277 a 4500
001 005000620-7
005 20030206174009.0
008 860219s1959    dcuab        f000 0 eng c
010   $aagr60000011 
035 0 $aocm13168010
040   $aU.S. Dept. of Agr. Libr.$cDRB$dAGL$dHBS
043   $au-at---$an-us---
050 0 $aS21$b.Z2383 no.63
072   $aE700
082   $a338.176
100 1 $aSims, Grover J.,$d1918-
245 10$aAustralia's livestock and meat industry and the U.S. producer /$cby Grover J. Sims and Dwight R. Bishop.
260   $a[Washington, D.C.] :$bForeign Agricultural Service, U.S. Dept. of Agriculture,$c1959.
300   $aiv, 35 p. :$bill., maps ;$c27 cm.
440  0$aFAS M ;$v63
650  0$aAnimal industry$zAustralia.
650  0$aMeat industry and trade$zAustralia.
650  0$aMeat industry and trade$zUnited States.
700 1 $aBishop, Dwight R.,$d1914-
988   $a20020608
906   $0OCLC

