LEADER 01057cam a2200301   4500
001 005000621-5
005 20030206174016.0
008 860219s1959    dcua          000 0 eng c
010   $aagr60000069 
035 0 $aocm13168093
035 0 $aocm13168093$zocm16767443
040   $aU.S. Dept. of Agr. Libr.$cDRB$dRQF$dHBS
043   $an-us---$au-nz---
050 0 $aS21$b.Z2383 no.67
072   $aE700$aQ002
082   $a338.176
100 1 $aSims, Grover J.,$d1918-
245 10$aNew Zealand's livestock and meat industry and the U.S. producer$c[by Grover J. Sims and Dwight R. Bishop.
260   $aWashington]$bForeign Agricultural Service, U.S. Dept. of Agriculture,$c1959.
300   $aiii, 24 p.$billus.$c26 cm.
490 1 $aUnited States. Foreign Agricultural Service. FAS-M$v67
650  0$aMeat industry and trade$zNew Zealand.
650  0$aDomestic animals$zNew Zealand.
700 1 $aBishop, Dwight R.,$d1914-$ejoint author.
700 1 $aBishop, Dwight R.,$d1914-$eauthor.
830  0$aFAS M ;$v67.
988   $a20020608
906   $0OCLC

