LEADER 00537nas a2200181ui 4500
001 005000622-3
005 20020604113839.0
008 000926u19uuuuuuxx uu         0  | 0chi d
035 0 $aocm45074091
040   $a*YNH*$c*YNH*$dCStRLIN
245 00$6880-01$aHu Xiang shi cui /$cHu Xiang shi cui bian ji bu.
260   $6880-02$a[n.p.] :$bYuelu shu she.
300   $av.
362 1 $aBegan publication in 19uu.
880 00$6245-01$a湖湘詩萃 /$c湖湘詩萃編輯部.
880   $6260-02$a[n.p.] :$b岳麓書社.
988   $a20021201
906   $0MH

