LEADER 00753cam a2200241 a 4500
001 005000623-1
005 20030206174022.0
008 860219s1961    dcuab        f000 0 eng c
010   $aagr61000197 
035 0 $aocm13169100
040   $aU.S. Dept. of Agr. Libr.$cDRB$dAGL$dHBS
043   $aa-ir---
050 1 $aS21$b.Z2383 no.114
072   $aE700$aQ005
100 1 $aMehr, Stanley,$d1918-
245 14$aThe raisin industry of Iran /$cby Stanley Mehr.
260   $a[Washington, D.C.] :$bForeign Agriculture Service, U.S. Dept. of Agriculture,$c1961.
300   $aiv, 37 p. :$bill., 1 map ;$c27 cm.
440  0$aFAS M ;$v114
650  0$aRaisins$zIran.
710 1 $aUnited States.$bForeign Agricultural Service.
988   $a20020608
906   $0OCLC

