LEADER 00900cam a2200265 a 4500
001 005000624-X
005 20030206174027.0
008 860219s1962    dcua     b   f000 0 eng c
010   $aagr62000259 
035 0 $aocm13169536
040   $aU.S. Dept. of Agr. Libr.$cDRB$dAGL$dHBS
050 1 $aS21$b.Z2383 no.128
072   $aF100$aE700
100 1 $aSmith, Richard A.$q(Richard Alfred),$d1935-
245 10$aBananas :$bworld production and trade /$c[by Richard A. Smith and A. Clinton Cook].
260   $a[Washington, D.C.] :$bForeign Agricultural Service, U.S. Dept. of Agriculture,$c1962.
300   $a19 p. :$bill. ;$c27 cm.
440  0$aFAS M ;$v128
500   $aCover title.
504   $aBibliography: p. 19.
650  0$aBanana trade.
700 1 $aCook, A. Clinton$q(Alvis Clinton),$d1911-
710 1 $aUnited States.$bForeign Agricultural Service.
988   $a20020608
906   $0OCLC

