LEADER 01114cam a2200277 a 4500
001 005000625-8
005 20030206174032.0
008 860219s1962    dcua         f000 0 eng c
010   $aagr62000223 
035 0 $aocm13169683
040   $aU.S. Dept. of Agr. Libr.$cDRB$dAGL$dHBS
043   $ae-uk---
050 1 $aS21$b.Z2383 no.132
072   $aL100$aQ002$aE700
100 1 $aDobbins, C. E.$q(Claude Edwin),$d1917-
245 14$aThe United Kingdom's livestock and meat industry /$c[by Claude E. Dobbins].
260   $a[Washington, D.C.] :$bForeign Agricultural Service, U.S. Dept. of Agriculture,$c1962.
300   $a19 p. :$bill. ;$c26 cm.
440  0$aFAS M ;$v132
500   $aCover title.
650  0$aMeat industry and trade$zGreat Britain.
650  0$aAnimal industry$zGreat Britain.
710 1 $aUnited States.$bForeign Agricultural Service.
776 08$iOnline version:$aDobbins, C.E. (Claude Edwin), 1917-$tUnited Kingdom's livestock and meat industry.$d[Washington, D.C.] : Foreign Agricultural Service, U.S. Dept. of Agriculture, 1962$w(OCoLC)760162260
988   $a20020608
906   $0OCLC

