LEADER 01010cam a2200277 a 4500
001 005000626-6
005 20030206174038.0
008 860219s1962    dcub     s   f000 0 eng c
010   $aagr62000290 
035 0 $aocm13170123
040   $aU.S. Nat'l Agr. Libr.$cDRB$dAGL$dHBS
043   $au-at---
050 0 $aS21$b.Z2383 no.134
072   $aL100$aQ002$aE700
100 1 $aBishop, Dwight R.,$d1914-
245 10$aRecent trends in Australia's livestock industry /$c[by Dwight R. Bishop].
260   $a[Washington, D.C.] :$bU.S. Dept. of Agriculture, Foreign Agricultural Service,$c1962.
300   $aiv, 23 p. :$bmaps ;$c26 cm.
440  0$aFAS M ;$v134
500   $aCover title.
500   $a"Supersedes FAS-M-63, 'Australia's livestock and meat industry ... and the U.S. producer,'" October 1959 [by G.J. Sims]
650  0$aAnimal industry$zAustralia.
650  0$aMeat industry and trade$zAustralia.
710 1 $aUnited States.$bForeign Agricultural Service.
988   $a20020608
906   $0OCLC

