LEADER 01021cam a2200277 a 4500
001 005000627-4
005 20030206174044.0
008 860219s1962    dcua         f000 0 eng c
010   $aagr62000293 
035 0 $aocm13170201
040   $aU.S. Dept. of Agr. Libr.$cDRB$dAGL$dHBS
043   $au-nz---
050 1 $aS21$b.Z2383 FAS-M-137
072   $aL100$aQ002$aE700
100 1 $aBishop, Dwight R.,$d1914-
245 10$aRecent trends in New Zealand's livestock industry /$c[by Dwight R. Bishop].
260   $a[Washington, D.C.] :$bForeign Agricultural Service, U.S. Dept. of Agriculture,$c1962.
300   $a17 p. :$bill. ;$c27 cm.
440  0$aFAS M ;$v137
500   $aCover title.
500   $aBrings up to date and supersedes FAS-M-67, New Zealand's livestock and meat industry, and the U.S. producer, by G.J. Sims.
650  0$aMeat industry and trade$zNew Zealand.
650  0$aAnimal industry$zNew Zealand.
710 1 $aUnited States.$bForeign Agricultural Service.
988   $a20020608
906   $0OCLC

