LEADER 00941cam a2200277 a 4500
001 005000628-2
005 20030206174050.0
008 860219s1962    dcua     s   f000 0 eng c
010   $aagr62000453 
035 0 $aocm13170302
040   $aU.S. Nat'l Agr. Libr.$cDRB$dAGL$dHBS
043   $as------
050 0 $aS21$b.Z2383 no.139
072   $aF120$aE700
100 1 $aHodges, LeRoy,$d1912-
245 10$aSouth America's tobacco industry /$c[by LeRoy Hodges, Jr., and John B. Parker, Jr.].
260   $a[Washington, D.C.] :$bU.S. Dept. of Agriculture, Foreign Agricultural Service,$c1962.
300   $aiv, 56 p. :$bill. ;$c26 cm.
440  0$aFAS M ;$v139
500   $aCover title.
500   $aStatistical appendix: p. 36-56.
650  0$aTobacco industry$zSouth America$vStatistics.
700 1 $aParker, John B.$q(John Bond),$d1933-
710 1 $aUnited States.$bForeign Agricultural Service.
988   $a20020608
906   $0OCLC

