LEADER 00837cam a2200253 a 4500
001 005000629-0
005 20030206174055.0
008 860219s1963    dcua         f000 0 eng c
010   $aagr63000143 
035 0 $aocm13170509
040   $aU.S. Nat'l Agr. Libr.$cDRB$dDRB$dAGL$dHBS
043   $ae-fr---
072   $aL100$aQ002$aE700
100 1 $aDobbins, C. E.$q(Claude Edwin),$d1917-
245 10$aFrance's livestock and meat industry /$c[by Claude E. Dobbins].
260   $a[Washington, D.C.] :$bForeign Agricultural Service, U.S. Dept. of Agriculture,$c1963.
300   $a23 p. :$bill. ;$c26 cm.
440  0$aFAS M ;$v143
500   $aCover title.
650  0$aMeat industry and trade$zFrance.
650  0$aAnimal industry$zFrance.
710 1 $aUnited States.$bForeign Agricultural Service.
988   $a20020608
906   $0OCLC

