LEADER 00918cam a2200265 a 4500
001 005000630-4
005 20030206174101.0
008 860219s1963    dcua         f000 0 eng c
010   $aagr63000142 
035 0 $aocm13170610
040   $aU.S. Nat'l Agr. Libr.$cDRB$dAGL$dHBS
043   $ae-gw---
050 0 $aS21$b.Z2383 no.144
072   $aL100$aQ002$aE700
100 1 $aDobbins, C. E.$q(Claude Edwin),$d1917-
245 14$aThe livestock and meat industry of West Germany /$c[by Claude E. Dobbins].
260   $a[Washington, D.C.] :$bForeign Agricultural Service, U.S. Dept. of Agriculture,$c1963.
300   $a20 p. :$bill. ;$c27 cm.
440  0$aFAS M ;$v144
500   $aCover title.
650  0$aMeat industry and trade$zGermany (West)$vStatistics.
650  0$aAnimal industry$zGermany (West)$vStatistics.
710 1 $aUnited States.$bForeign Agricultural Service.
988   $a20020608
906   $0OCLC

