LEADER 01007nam a2200253I  4500
001 005000631-2
005 20020606095253.2
008 860220s1907    gw            000 0 ger  
010   $a   08029025 
035 0 $aocm13176248
040   $aDLC$cCUY$dHLS
043   $ae-rm---
050 0 $aHD1440.R8$bG5
100 1 $aGociu, Demeter,$d1881-
245 10$aÜber den landwirtschaftlichen kredit in Rumänien ...
260   $aErlangen,$bUniv.-Buchdr. von Junge & Sohn,$c1907.
300   $a2 p. ℓ., 96 p., 1 ℓ.$c23 cm.
500   $aLebenslauf.
502   $aInaug.-Diss.--Erlangen.
650  0$aAgricultural credit$zRomania.
776 08$iOnline version:$aGociu, Demeter, 1881-$tÜber den landwirtschaftlichen kredit in Rumänien .$dErlangen, Univ.-Buchdr. von Junge & Sohn, 1907$w(OCoLC)592280136
776 08$iOnline version:$aGociu, Demeter, 1881-$tÜber den landwirtschaftlichen kredit in Rumänien .$dErlangen, Univ.-Buchdr. von Junge & Sohn, 1907$w(OCoLC)612986721
988   $a20020608
906   $0DLC

