LEADER 00752cam a2200241 a 4500
001 005000632-0
005 20030206174104.0
008 860224s1964    dcua     s   f000 0 eng c
010   $aagr64000237 
035 0 $aocm13188540
040   $aU.S. Nat'l Agr. Libr.$cDRB$dDRB$dAGL$dHBS
043   $aaw-----
050 0 $aS21$b.Z2383 no.155
072   $aF120
100 1 $aParker, John B.$q(John Bond),$d1933-
245 14$aThe tobacco industry of Western Asia /$c[by John Parker, Jr.].
260   $a[Washington, D.C.] :$bU.S. Dept. of Agriculture, Foreign Agricultural Service,$c1964.
300   $a41 p. :$bill. ;$c26 cm.
440  0$aFAS M ;$v155
500   $aCover title.
650  0$aTobacco industry$zMiddle East.
988   $a20020608
906   $0OCLC

