LEADER 01158nam a2200313 a 4500
001 005000633-9
005 20020606095253.2
008 941208s1994    gw       b    001 0bger c
010   $a   94236430 
020   $a3484350458
035 0 $aocm31740744
040   $aCU$cCU
042   $alcnccp
043   $ae-au---$ae-gx---
050 14$aZ293.Z76$bH35 1994
100 1 $aHall, Murray G.
245 14$aDer Paul Zsolnay Verlag :$bvon der Gründung bis zur Rückkehr aus dem Exil /$cMurray G. Hall.
260   $aTübingen :$bNiemeyer,$c1994.
300   $ax, 841 p. ;$c23 cm.
440  0$aStudien und Texte zur Sozialgeschichte der Literatur,$x0174-4410 ;$vBd. 45
504   $aIncludes bibliographical references (p. 772-822) and indexes.
600 10$aZsolnay, Paul,$d1895-
610 20$aZsolnay Verlag$xHistory.
650  0$aPublishers and publishing$zAustria$zVienna$vBiography.
650  0$aPublishers and publishing$zAustria$zVienna$xHistory$y20th century.
650  0$aPublishers and publishing$zGermany$zBerlin$xHistory$y20th century.
650  0$aGerman literature$y20th century$xHistory and criticism.
988   $a20020608
906   $0OCLC

