LEADER 01276cam a2200313 a 4500
001 005000634-7
005 20030206174108.0
008 860224s1965    dcub     b   f000 0 eng c
010   $aagr65000305 
035 0 $aocm13189422
040   $aU.S. Nat'l Agr. Libr.$cDRB$dDRB$dAGL$dHBS
043   $ae-sp---
050 0 $aS21$b.Z2383 no.164
072   $aF110
082   $a338.17620994
100 1 $aAlbaugh, Reuben,$d1901-
245 14$aThe livestock and meat industry of Australia /$c[by Reuben Albaugh].
260   $a[Washington, D.C.] :$bU.S. Dept. of Agriculture, Foreign Agricultural Service,$c1965.
300   $avi, 20 p. :$bmap ;$c26 cm.
440  0$aFAS M ;$v164
500   $aCover title.
500   $aSupersedes Australia's livestock and meat industry, and the U.S. producer, by G.J. Sims; and Recent trends in Australia's livestock industry, by D.R. Bishop, issued as FAS-M-63 and FAS-M-134.
504   $aBibliography: p. 20.
650  0$aAnimal industry$zAustralia.
650  0$aMeat industry and trade$zAustralia.
700 1 $aSims, Grover J.,$d1918-$tAustralia's livestock and meat industry and the United States producer.
700 1 $aBishop, Dwight R.,$d1914-$tRecent trends in Australia's livestock industry.
988   $a20020608
906   $0OCLC

