LEADER 00929cam a2200277 a 4500
001 005000635-5
005 20030206174112.0
008 860225s1967    dcu          f000 0 eng c
010   $aagr67000225 
035 0 $aocm13193265
040   $aU.S. Nat'l Agr. Libr.$cDRB$dDRB$dAGL$dHBS
043   $as-uy---
050 0 $aS21$b.Z2383 no.186
072   $aS100$aE700
082   $a338.1/7/6009895
100 1 $aMorgan, Quevedo Martin,$d1918-
245 10$aUruguay's livestock and meat industry /$c[by Q. Martin Morgan].
260   $aWashington, D.C. :$bForeign Agricultural Service, U.S. Dept. of Agriculture,$c1967.
300   $aiv, 7 p. :$c26 cm.
440  0$aFAS M ;$v186
500   $aCover title.
500   $aSupersedes earlier publication with same title, by D.R. Bishop, issued as FAS-M-150.
650  0$aMeat industry and trade$zUruguay.
650  0$aLivestock$zUruguay$xMarketing.
988   $a20020608
906   $0OCLC

