LEADER 00867cam a2200277 a 4500
001 005000636-3
005 20030206174118.0
008 860225s1967    dcuab    b   f000 0 eng c
010   $aagr67000253 
035 0 $aocm13193296
040   $aU.S. Nat'l Agr. Libr.$cDRB$dDRB$dAGL$dHBS
043   $ae-fr---
050 0 $aS21$b.Z2383 no.189
072   $aS200
082   $a338.1/7/42209447
100 1 $aMehr, Stanley,$d1918-
245 14$aThe prune industry of France /$c[by Stanley Mehr].
260   $aWashington, D.C. :$bU.S. Dept. of Agricultural, Foreign Agricultural Service,$c1967.
300   $aiv, 32 p. :$bill., 1 map ;$c26 cm.
440  0$aFAS M ;$v189
500   $aCover title.
504   $aIncludes bibliographical references.
650  0$aPrune$zFrance.
710 1 $aUnited States.$bForeign Agricultural Service.
988   $a20020608
906   $0OCLC

