LEADER 00695nam a22002177  4500
001 005000637-1
005 20080627213700.0
008 860225s1946    dcuab    b    000 0 eng d
035 0 $aocm13198559
040   $aKUK$cKUK$dHBS
100 1 $aThomson, Claudia.
245 14$aThe tobacco industry of the Philippines and its relation to the United States.
260   $aWashington,$bU.S. Dept. of Agriculture,$c1946.
300   $a53 p.$billus., diagrs., maps, tables.
500   $aCover title.
504   $aBibliography: p. 52-53.
650  0$aTobacco industry$zPhilippines.
650  0$aTobacco$zPhilippines.
710 1 $aUnited States.$bDepartment of Agriculture.
988   $a20020608
906   $0OCLC

