LEADER 00794nam a2200229I  4500
001 005000638-X
005 20020606095253.2
008 860227s1948    ru            000 0 rus  
010   $a   49051191 //r
035 0 $aocm13207562
040   $aDLC$cFKS$dFKS$dHLS
043   $ae-ur---
050 0 $aHG3124$b.G56
100 1 $aGindin, I. F.$q(Iosif Frolovich)
245 10$aRusskie kommercheskie banki;$biz istorii finansovogo kapitala v Rossii.$cPod red. S.T. Strumilina.
260   $aMoskva,$bGosfinizdat,$c1948.
300   $a453 p.$c23 cm.
650  0$aBanks and banking$zSoviet Union$xHistory.
655  7$aHistory.$2fast
776 08$iOnline version:$aGindin, I.F. (Iosif Frolovich).$tRusskie kommercheskie banki.$dMoskva, Gosfinizdat, 1948$w(OCoLC)572058065
988   $a20020608
906   $0DLC

