LEADER 01198nam a2200241I  4500
001 005000639-8
005 20020606095253.2
008 860304s1726    enk      b    000 0 eng  
010   $a   19010274 //r34
035 0 $aocm13230375
040   $aDLC$cRCE$dHHG
050 0 $aZ2014.D7$bM4 1726
100 1 $aMears, William,$dactive 1713-1727.
245 12$aA compleat catalogue of all the plays that were ever yet printed in the English language.$bContaining the dates and the number of plays written by every particular author: an account of what plays were acted with applause, and of those which were never acted; and also the authors now living. In two separate alphabets. Continued to this present year, 1726.
250   $aThe 2d ed.
260   $aLondon,$bW. Mears,$c1726.
300   $a104 p.$c17 cm.
500   $aThe index of plays (p. 52-95) appeared in 1714 under title: A true and exact catalogue of all the plays that were ever yet printed in the English tongue.
650  0$aEnglish drama$vBibliography.
650  0$aEnglish drama$yEarly modern and Elizabethan, 1500-1600$vBibliography.
650  0$aEnglish drama$yRestoration, 1660-1700$vBibliography.
988   $a20020608
906   $0DLC

