LEADER 00591nam a2200205I  4500
001 005000640-1
005 20020606095253.2
008 860304s1943    fr            000 0 fre  
010   $a   45018542 
035 0 $aocm13237560
040   $aDLC$cCUY$dHLS
050 0 $aHD83$b.G48
100 1 $aGirardeau, Émile.
245 10$aEssai de contribution à la paix sociale;$cpréface de m. C.J. Gignoux.
260   $aParis,$bSociété d'éditions économiques et sociales,$c[1943]
300   $a243 p.$c23 cm.
650  0$aEconomic policy.
650  0$aSocial problems.
988   $a20020608
906   $0DLC

