LEADER 00383nam a2200157K  4500
001 005000641-X
005 20020606095253.2
008 860305s1824    enk           000 0 eng d
035 0 $aocm13238062
040   $aCLU$cCLU$dHHG
090   $aPR3991.A1$bC753
245 04$aThe Confessions of a gamester.
260   $aLondon,$bJ. Hatchard,$c1824.
300   $a244 p.
988   $a20020608
906   $0OCLC

