LEADER 00883nam a2200265Ia 4500
001 005000642-8
005 20020606095253.2
008 860306s1650    xx            000 0 fre d
035 0 $aocm13245369
040   $aEEM$cEEM$dHHG
043   $ae-fr---
050  4$aDC125$b.M3 1650
090   $aDC125$b.M3 1650
100 1 $aMaillé, Claire Clemence de.
245 10$aLettre de madame la princesse escrite au Roy à son arriuée proche de Bordeaux /$c[Claire Clemence de Maillé].
260   $a[S.l. :$bs.n.],$c1650.
300   $a8 p. ;$c22 cm.
500   $aCover title.
500   $a"Iouste la Coppie Imprimée à Bordeaux."
500   $aSigned an dated at end: Claire Clemence de Maillé. A Bordeaux ce 2. aoust 1650.
510 4 $aMoreaux,$c1958.
600 10$aMazarin, Jules,$d1602-1661.
651  0$aFrance$xHistory$yLouis XIV, 1643-1715.
988   $a20020608
906   $0OCLC

