LEADER 00970cas a2200277Ia 4500
001 005000643-6
005 20020606095253.2
008 860313u19uu9999be uu m      i0   a0ger d
035 0 $aocm13289184
040   $aIPL$cIPL$dHLS
245 00$aStudien.$pReihe Landwirtschaft.
246 11$aStudies.$pAgricultural series
246 13$aSammlung Studien.$pReihe Landwirtschaft
246 10$aReihe Landwirtschaft
246 10$aAgricultural series
260   $aBrüssel :$bCommunauté économique européenne,
300   $av. ;$c27 cm.
500   $aDescription based on: 10 (1963); title from cover.
500   $aEach number also has special title.
515   $aCeased with no. 23.
546   $aIssued in German, English, or another language of the European Economic Community countries.
650  0$aAgriculture.
650  0$aAgriculture$zEuropean Economic Community countries.
710 2 $aCommission of the European Communities.
988   $a20020608
906   $0OCLC

