LEADER 00598nas a2200181Ka 4500
001 005000644-4
005 20020606095253.2
008 860314c19uu9999ua uu m       0   b0fre d
035 0 $aocm13294416
040   $aNDD$cNDD$dHLS
245 00$aÉtudes de l'Institut français d'archéologie orientale du Caire.$pÉtudes sud-arabiques
246 10$aÉtudes sud-arabiques
260   $aLe Caire :$bl'Institut français d'archéologie orientale,
300   $av. ;$c28 cm.
500   $aDescription based on: t. 2.
710 2 $aInstitut français d'archéologie orientale du Caire.
988   $a20020608
906   $0OCLC

