LEADER 00975nam a2200253I  4500
001 005000645-2
005 20020606095253.2
008 860324s1961    bu            000 0 bulo 
010   $a   64059571 
035 0 $aocm13339868
040   $aDLC$cCUY$dCUY$dHLS
043   $ae-bu---
050 0 $aHD7045$b.G6
100 1 $aGocheva, Rosit︠s︡a.
245 10$aRealni dokhodi na rabotnit︠s︡ite i sluzheshtite v NR Bŭlgarii︠a︡.
260   $aSofii︠a︡,$bBŭlgarska Komunisticheska partii︠a︡,$c1961.
300   $a134 p.$c20 cm.
500   $aAt head of title: Bŭlgarska akademii︠a︡ na naukite. Ikonomicheski institut.
650  0$aCost and standard of living$zBulgaria.
650  0$aWages$zBulgaria.
650  0$aIncome$zBulgaria.
776 08$iOnline version:$aGocheva, Rosit͡sa.$tRealni dokhodi na rabotnit͡site i sluzheshtite v NR Bŭlgarii͡a.$dSofii͡a, Bŭlgarska Komunisticheska partii͡a, 1961$w(OCoLC)612480959
988   $a20020608
906   $0DLC

