LEADER 00778nam a2200229Ia 4500
001 005000646-0
005 20020606095253.2
008 860326s1908    enk           000 0 eng d
035 0 $aocm13347951
040   $aYDM$cYDM$dHFL
043   $ae-uk-en
050  4$aNK4085$b.G73
100 1 $aGreg, Thomas Tylston.
245 12$aA contribution to the history of English pottery :$bwith special reference to the Greg Collection /$cby Thomas Tylston Greg.
260   $aManchester :$bCity of Manchester Art Gallery,$c1908.
300   $a81 p. ;$c18 cm.
500   $aA lecture given at Manchester, February 23, 1906.
600 10$aGreg, Thomas Tylston$xArt collections.
650  0$aPottery$zEngland$xHistory.
710 2 $aManchester City Art Gallery.
988   $a20020608
906   $0OCLC

