LEADER 00683naa a2200193I  4500
001 005000647-9
005 20020606095253.2
008 860401s1926    dcu           000 0 eng  
010   $a   26016282 //r38
035 0 $aocm13371553
040   $aDLC$cKUK$dKUK$dHMZ
050 0 $aQ11$b.U55 vol.66
100 1 $aCochran, Doris M.$q(Doris Mable),$d1898-1968.
245 10$aNotes on the herpetological collections made by Dr. W.L. Abbott on the island of Haiti,$cby Doris M. Cochran ...
650  0$aReptiles$zHaiti.
700 1 $aAbbott, William Louis,$d1860-1936.
773 0 $aU.S. National Museum.$tProceedings.$dWashington, 1926.$g15 p., v. 66, art. 6, 24 cm.
988   $a20020608
906   $0DLC

