LEADER 01380cam a2200301 a 4500
001 005000648-7
005 20024617103528.0
008 810430r19811979hk            000 0 chi  
010   $a81134441 /ACN
035 0 $aocm13397696
040   $aDLC$cDLC$dOCoLC$dMH-HY$dCStRLIN
043   $aa-cc---$ae-ur---
050 0 $aDS740.5.S65$bC49 1979
245 00$6880-01$aQing dai Zhong E guan xi dang an shi liao xuan bian /$cZhongguo di yi li shi dang an guan bian.
260   $6880-02$a[Hong Kong? :$bChu ban zhe que,$c1979 or 1980-<between 1981 and 1984>
300   $av. <1, 3 > ;$c22 cm.
500   $6880-03$aReprint. Originally published: Di 1 ban. Beijing : Zhonghua shu ju, 1979-<1981 >
651  0$aChina$xForeign relations$zSoviet Union$xSources.
651  0$aSoviet Union$xForeign relations$zChina$xSources.
710 2 $6880-04$aZhongguo di 1 li shi dang an guan.
710 2 $6880-05$aGu gong bo wu yuan (China).$bMing Qing dang an bu.
880 00$6245-01$a清代中俄关系档案史料选编 /$c中国第一历史档案馆编.
880   $6260-02$a[Hong Kong? :$b出版者缺,$c1979 or 1980-<between 1981 and 1984>
880   $6500-03$aReprint. Originally published: 第1版. 北京: 中华书局, 1979-<1981 >
880 2 $6710-04$a中国第一历史档案馆.
880 2 $6710-05$a故孵博物院 (China).$b明清档案部.
988   $a20021127
906   $0DLC

