LEADER 00813nam a22002057i 4500
001 005000649-5
005 00000000000000.0
008 860412s1969    miu      b    000 0 eng d
035 0 $aocm13427627
040   $aGZD$cGZD$dHBS
100 1 $aMorrison, Denton E.,$eed.
245 10$aFarmers' organizations and movements :$bresearch needs and a bibliography of the United States and Canada /$cDenton E. Morrison, editor.
260   $aEast Lansing :$bAgricultural Experiment Station, Michigan State University,$c[1969]
300   $a116 p.
490 0 $aNorth Central regional research publication ;$vno. 200
490 0 $aMichigan State University. Agricultural Experiment Station. Research bulletin ;$v24
500   $aCover title.
650  0$aFarmers$xPolitical activity$vBibliography.
988   $a20020608
906   $0OCLC

