LEADER 00637nam a2200217Ka 4500
001 005000650-9
005 20020606095253.2
008 860419s1906    xx            000 0 eng d
035 0 $aocm13457587
040   $aEXC$cEXC$dHLS
090   $aPJ3889$b.G6
100 1 $aGodbey, Allen Howard,$d1864-1948.
245 10$aNotes on some officials of the Sargonid period /$cby Allen Howard Godbey.
260   $c1906.
300   $a67 p. ;$c26 cm.
500   $aVita.
502   $aThesis (Ph.D.)--University of Chicago, 1906.
504   $aIncludes bibliographical references.
650  0$aAssyro-Babylonian letters.
988   $a20020608
906   $0OCLC

