LEADER 00851nam a2200241La 4500
001 005000651-7
005 20020606095253.2
008 860129s1773    fr af         000 1 fre d
035 0 $aocm13474005
040   $aRBN$cRBN$dHLS
100 2 $aGodard d'Aucour, Claude,$d1716-1795.
245 13$aLa Pariseïde, ou Pâris dans les Gaules.
246 3 $aParis dans les Gaules.
260   $aA Paris, :$bChez Pissot ...,$cM. DCC. LXXIII. [1773].
300   $a2 v. :$bill. ;$c20 cm.
500   $aTitle vignette.
500   $aVol. 1: [4], xx, 231, [1] p. (last p. blank), [1] leaf of plates; v. 2: [4], viij, 270, [4] p. (last p. blank), [1] leaf of plates.
500   $aErrata: v. 1, p. 231; v. 2, p. 270.
510 4 $aBN,$cv. 61, column 507;
510 4 $aBM,$cv. 87, column 416.
650  0$aParis (Legendary character)
988   $a20020608
906   $0OCLC

