LEADER 00728nam a2200217I  4500
001 005000652-5
005 20020606095253.2
008 860422m19589999lu       b    000 0 mul  
010   $a   62038529 //r
035 0 $aocm13476400
040   $aDLC$cAMH$dHLS
050 0 $aZ7164.C8$bE83
110 2 $aEuropean Parliament.
245 10$aFreihandelszone.$bZone de libre-échange. Zona di libero scambio. Vrijhandelszone. Bibliographie. Bibliografia, Bibliografie.
260   $a[Luxemburg]$bStudien-, Informations- und Dokumentationsabteilung$c[1958-
300   $av.$c24 cm.
500   $aCover title.
500   $aIn German, French, Italian, and Dutch.
650  0$aFree ports and zones$vBibliography.
988   $a20020608
906   $0DLC

