LEADER 00689nam a2200205   4500
001 005000653-3
005 00000000000000.0
008 860506s1969    gw            000 0 ger  
010   $a   77510489 
035 0 $aocm13536260
040   $aDLC$cCUY$dCUY$dHBS
050 0 $aHD7091$b.P417
100 1 $aPeters, Horst,$d1947-
245 10$aBedeutung der Sozialen Sicherung für Staat und Gesellschaft in unserer Zeit.
260   $a[Düsseldorf,$bBuchdruckerei Rechtsverlag,$c1969?]
300   $a22 p.$c21 cm.
440  0$aSchriftenreihe der Landesvereinigung der Industriellen Arbeitgeberverbände Nordrhein-Westfalens ;$vHeft Nr. 27
650  0$aSocial security.
988   $a20020608
906   $0DLC

