LEADER 00897nam a2200229I  4500
001 005000654-1
005 20020606095253.2
008 860508s1909    gw a          000 0 ger  
010   $a   14013825 
035 0 $aocm13547401
040   $aDLC$cKUK$dHFL
050 0 $aNK8806$b.H4
100 1 $aHeiden, Max.
245 14$aDie Textilkunst des Altertums bis zur neuzeit;$beine Übersicht ihrer technischen und stilgeschichtlichen Entwickelung,$cBearb. von Max Heiden ...
260   $aBerlin,$bBerliner Central-Verlag, G.m.b.H.,$c1909.
300   $axvi p., 480 col.$billus.$c30 cm.
650  0$aTextile fabrics$xHistory.
650  0$aTextile industry$xHistory.
650  0$aTextile industry and fabrics$xHistory.
776 08$iOnline version:$aHeiden, Max.$tTextilkunst des Altertums bis zur neuzeit.$dBerlin, Berliner Central-Verlag, G.m.b.H., 1909$w(OCoLC)878087854
988   $a20020608
906   $0DLC

