LEADER 00939cam a2200217 a 4500
001 005000655-X
005 00000000000000.0
008 860513s1945    dcu          f000 0 eng d
010   $a   45036085 
035 0 $aocm13565330
040   $aCUY$cCUY$dMHS$dHBS
043   $an-us---
110 1 $aUnited States.$bCongress.$bSenate.$bCommittee on Agriculture and Forestry.
245 10$aFurther development of cooperative agriculture extension work :$bhearings before the Committee on Agriculture and Forestry, United States Senate, Seventy-ninth Congress, first session on S. 383, a bill to provide for the further development of cooperative agricultural extension work, April 18, 1945.
246 3 $aCooperative agricultural extension work
260   $aWashington :$bU.S. G.P.O.,$c1945.
300   $aiii, 59 p. ;$c23 cm.
500   $aTitle from cover.
650  0$aAgricultural extension work$zUnited States.
988   $a20020608
906   $0OCLC

