LEADER 01134nam a2200241Ia 4500
001 005000656-8
005 20020606095253.2
008 860517s1802    enkaf         000 0 eng d
035 0 $aocm13583208
040   $aTXX$cTXX$dHHG
100 1 $aM'Cringer, Joel.
245 12$aA compendious treatise on modern education :$bin which the following interesting subjects are liberally discussed : the nursery, private schools, public schools, universities, gallantry, duelling, gaming, suicide /$cby the late Joel M'Cringer ... ; to which also are added coloured designs ... delineated by J.B. W******* Esq. and etched by Thomas Rowlandson.
260   $aLondon :$bPrinted by J. Smeeton, St. Martin's Lane, Charing Cross,$c1802.
300   $a34 p., [8] leaves of plates :$bcol. ill. ;$c28 x 34 cm.
500   $aThe plates are hand-colored satirical etchings.
650  0$aEducation$xPhilosophy.
650  0$aEducation$zEngland$vHumor.
650  0$aEnglish wit and humor, Pictorial.
700 1 $aWoodward, J. B.,$eill.
700 1 $aRowlandson, Thomas,$d1756-1827,$eengraver.
752   $aEngland$dLondon.
988   $a20020608
906   $0OCLC

