LEADER 01279cam a2200265La 4500
001 005000657-6
005 20020606095253.2
008 830822s1710    enk           000 0 eng d
035 0 $aocm04975738
035 0 $aocm13605693
040   $aPAU$cPAU$dHHG
043   $ae-uk---
100 1 $aCompton, Henry,$d1632-1713.
245 12$aA letter concerning allegiance :$bwritten by the Lord Bishop of L----n, to a clergy-man in Essex, presently after the Revolution, never before publish'd : to which are added some queries, occasion'd by the late address of His Lordship and the clergy of London and Westminster.
260   $aLondon :$bPrinted, and sold by S. Popping ...,$c1710.
300   $a16 p. ;$c20 cm. (8vo)
500   $aA response to an address which favored Sacheverell's stand on passive obedience.
500   $aHenry Compton was Bishop of London. Also attributed to Benjamin Hoadly. Cf. Morgan M144.
500   $a"An extract, out of The Bishop of L----n's seventh letter of the conference with his clergy, held in the year 1686", p. 6.
600 10$aSacheverell, Henry,$d1674?-1724.
650  0$aAllegiance$zGreat Britain.
651  0$aGreat Britain$xPolitics and government$y1702-1714.
700 1 $aHoadly, Benjamin,$d1676-1761.
988   $a20020608
906   $0OCLC

