LEADER 00533nam a2200193Li 4500
001 005000658-4
005 20020606095253.2
008 840504s1871    fr            000 0 fre d
035 0 $aocm13616070
040   $aPAU$cPAU$dHVL
043   $af-ae---
100 1 $aDucrot, Auguste Alexandre,$d1817-1882.
245 13$aLa vérité sur l'Algérie /$cpar A. Ducrot.
260   $aParis :$bE. Dentu,$c1871.
300   $a77 p. ;$c25 cm.
651  0$aAlgeria$xDescription and travel.
651  0$aAlgeria$xHistory.
988   $a20020608
906   $0OCLC

