LEADER 00557nam a22002057  4500
001 005000659-2
005 00000000000000.0
008 860528s1960    at            000 0 eng d
035 0 $aocm13651868
040   $aCUY$cCUY$dHBS
043   $au-at---
110 1 $aAustralia.$bBureau of Agricultural Economics.
245 10$aEconomics of bulk classing of wool.
260   $aCanberra,$c1960.
300   $a44 p.
440  0$aWool economic research report ;$vno. 2
650  0$aWool industry.
650  0$aWool industry$zAustralia.
988   $a20020608
906   $0OCLC

