LEADER 00648nam a22002057  4500
001 005000660-6
005 00000000000000.0
008 860528s1968    at a     b    000 0 eng d
035 0 $aocm13651933
040   $aCUY$cCUY$dHBS
043   $au-at-ne
110 1 $aAustralia.$bBureau of Agricultural Economics.
245 12$aA review of production and management on Southern Tableland woolgathering properties.
260   $aCanberra,$c1968.
300   $av, 65 p.$billus.
440  0$aWool economic research report ;$vno. 12
504   $aBibliographical footnotes.
650  0$aWool industry$zAustralia$zNew South Wales.
988   $a20020608
906   $0OCLC

