LEADER 01007nam a2200265Ia 4500
001 005000661-4
005 20020606095253.2
008 860530s1895    sp            000 0 spa d
035 0 $aocm13660763
040   $aNOC$cNOC$dHHG
050  4$aPQ6217$b.T443 v. 70, no. 6
090   $aPQ6217$b.T443 v. 70, no. 6
100 1 $aValverde, Joaquín,$d1846-1910.
245 13$aEl candidato :$bjuguete cómico-lírico en un acto y en prosa /$coriginal de Guillermo Luis de Conde y Enrique González Prats ; música del maestro Joaquín Valverde.
260   $aMadrid :$bR. Velasco [impresor],$c1895.
300   $a29 p. ;$c21 cm.
490 0 $aEl Teatro. Coleccion de obras dramáticas y líricas
500   $aImprint on cover: Madrid : F. Fiscowich, 1895.
500   $aWithout the music.
500   $aNo. 7 in v. 13 of a collection of Spanish plays.
650  0$aMusical theater, Spanish$vTexts.
700 1 $aConde, Guillermo Luis de.
700 2 $aGonzález Prats, Enrique.
988   $a20020608
906   $0OCLC

