LEADER 00413nam a2200157K  4500
001 005000662-2
005 20020606095253.2
008 860619s1952    fr            000 0 fre d
035 0 $aocm13750209
040   $aJFS$cJFS$dHMZ
100 1 $aCognet, Louis,$d1917-
245 03$aLe Pere Teilhard de Chardin et la pensee contemporaine.
260   $aParis,$bFlammarion,$cc1952.
300   $a198 p.
988   $a20020608
906   $0OCLC

