LEADER 00529nam a2200217I  4500
001 005000663-0
005 20020606095253.2
008 860620s1969    it            000 0 ita  
010   $a   72434278 
015   $aIt69-Apr
035 0 $aocm13753156
040   $aDLC$cCLU$dHFL
050 0 $aBH39$b.F47
100 1 $aFerrarino, Luigi.
245 13$aIl linguaggio delle arti.
260   $aMilano,$bA. Martello,$c1969.
300   $a175 p.$c19 cm.
650  0$aAesthetics.
650  0$aArt$xPhilosophy.
988   $a20020608
906   $0DLC

