LEADER 00656nam a2200193K  4500
001 005000664-9
005 20020606095253.2
008 860624s1964    it            000 0 ita d
035 0 $aocm13770099
040   $aCLU$cCLU$dHLS
090   $aB3614.C273$bZ7g
110 2 $aGiornate di studi carabellesiani,$cBologna,$d1960.
245 00$aGiornate di studi carabellesiani;$batti del convegno tenuto presso l'Istituto di filosofia dell'Università di Bologna nell'ottobre, 1960.
260   $a[Milano]$bSilva$c[1964]
300   $a564 p.
600 10$aCarabellese, Pantaleo.
710 2 $aUniversità di Bologna.$bIstituto di filosofia.
988   $a20020608
906   $0OCLC

