LEADER 00780nam a2200205   4500
001 005000665-7
005 00000000000000.0
008 860626s1953    dcu           000 0 eng  
010   $a   53060084 /L
035 0 $aocm13786223
040   $aDLC$cCUY$dCUY$dHBS
050 0 $aHD9437.U62$bA56
110 1 $aUnited States.$bBureau of Agricultural Economics.
245 10$aPoultry and eggs;$bcommercial hatchery production, by States and geographic divisions, 1930-49; liquid, frozen, and dried egg production, United States, 1938-49; quantity of poultry canned or used in canning, United States, 1943-49, revised estimates.
260   $aWashington,$b[s.n]$c1953.
300   $a26 p.$c27 cm.
650  0$aPoultry industry$zUnited States.
650  0$aEggs.
988   $a20020608
906   $0DLC

