LEADER 00834nam a2200241Ka 4500
001 005000666-5
005 20020606095253.2
008 860702s1972    gr            000 0 gre d
035 0 $aocm13811390
040   $aDPL$cDPL$dHFL
041 1 $agreeng
245 00$aHellēnikā diakosmētika themata =$bGreek ornament.
246 3 $aGreek ornament.
250   $a2nd ed.
260   $aAthēnai :$bEthnikos Organismos Hellenikēs Cheirotechnias,$c1972.
300   $a197 p. :$bchiefly illus. ;$c27 cm.
500   $aIn Greek and English.
504   $aIncludes bibliography.
505 0 $aCycladic -- Minoan -- Mycenaean -- Geometric -- Classic -- Hellenistic -- Coins -- Byzantine -- Popular art.
650  0$aDecoration and ornament$zGreece.
710 2 $aEthnikos Organismos Hellēnikēs Cheirotechnias.
988   $a20020608
906   $0OCLC

