LEADER 00682nam a2200205K  4500
001 005000667-3
005 20020606095253.2
008 860709s1955    xx a     b    000 0 eng d
035 0 $aocm13843474
040   $aGUA$cGUA$dHMZ
090   $aSB608$b.C165s
100 1 $aCalpouzos, L.$q(Lucas)
245 10$aStudies on the Sigatoka disease of bananas and its fungus pathogen /$cby Lucas Calpouzos.
260   $c1955.
300   $a206 leaves, [13] leaves of plates :$bcol. ill. ;$c29 cm.
502   $aThesis (Ph. D.)--Harvard University, 1955.
504   $aIncludes bibliographical references (leaves [198]-206).
650  0$aBananas$xDiseases and pests.
988   $a20020608
906   $0OCLC

