LEADER 01279nam a2200289Ia 4500
001 005000668-1
005 20020606095253.2
008 860710s1779    mau           000 0 eng d
035 0 $aocm13846237
040   $aCTH$cCTH$dHHG
043   $an-us-ma
050  4$aZ1215$b.E92 1779
110 1 $aMassachusetts.$bConvention.$cConcord,$d1779.
245 10$aProceedings of the convention begun and held at Concord,$bin the county of Middlesex, in and for the state of Massachusetts-Bay, on the 14th day of July, 1779, for the purpose of carrying into effect the ... measures recommended by Congress ...
260   $aBoston :$bPrinted by Benjamin Edes and Sons,$c[1779].
300   $a3 p. ;$c44 x 29 cm.
500   $aCaption title; imprint from p. [3].
510 4 $aEvans$c16228
520   $aLists members of convention; gives text of resolutions and "An address to the inhabitants of the state of Massachusetts-Bay".
510 4 $aFord, W.C. Broadsides,$c2175
651  0$aMassachusetts$xPolitics and government$y1775-1783.
650  0$aPrice regulation$zMassachusetts.
650  0$aPrices$zMassachusetts.
651  0$aUnited States$xHistory$yRevolution, 1775-1783$xEconomic aspects.
700 1 $aEdes, Benjamin,$d1732-1803,$eprinter.
988   $a20020608
906   $0OCLC

