LEADER 01488cam a2200337Ia 4500
001 005000669-X
005 20050811133010.0
008 860714s1711    enk           000 0 eng d
035 0 $aocm13865898
040   $aMUU$cMUU$dHHG
043   $ae-uk---
050  4$aD282.5$b.C6 1711
090   $aD282.5$b.C6 1711
245 04$aThe comparison, or, Accounts on both sides fairly stated in a view of the management of the war in Spain :$bunder the respective commands of the Earls Peterborough and Gallway : occasion'd by some late enquiries in the House of Peers, with their Lordships proceedings thereupon.
246 3 $aComparison
246 3 $aAccounts on both sides fairly stated in a view of the management of the war in Spain
260   $aLondon :$bPrinted by John Morphew near Stationers-Hall,$c1711.
300   $a[2], 41, [1] p. ;$c21 cm. (8vo)
500   $aSignatures: 1 leaf unsigned, B-F⁴, 1 leaf unsigned.
500   $aPages [2] and [1] at end have advertisements.
510 4 $aESTC$cN003802
600 10$aPeterborough, Charles Mordaunt,$cEarl of,$d1658-1735.
600 10$aGalway, Henri de Massue,$cEarl of,$d1648-1720.
650  0$aSpanish Succession, War of, 1701-1714.
651  0$aGreat Britain$xPolitics and government$y1702-1714.
651  0$aGreat Britain$xHistory, Military$y1603-1714.
655  7$aMilitary history.$2fast
710 1 $aGreat Britain.$bParliament.$bHouse of Lords.
752   $aEngland$dLondon.
988   $a20020608
906   $0OCLC

