LEADER 01158cam a2200265La 4500
001 005000670-3
005 20020606095253.2
008 851108s1976    dcu          f100 0 eng d
035 0 $aocm13869760
040   $aYSM$cYSM$dHLS
043   $an-us---
090   $aHT1505$b.N375x 1975
111 2 $aNational Symposium on Race Relations Education and Training$n(1st :$cWashington, D.C. :$d1975).
245 04$aThe First National Symposium on Race Relations Education and Training, [held at the Walter Reed Army Medical Center in Washington, D.C. on June 11-13, 1975] /$csubmitted ... by John F. Coffey, [moderator].
260   $a[Washington :$bWalter Reed Army Medical Center,$c1976?]
300   $aii, 251 p. ;$c27 cm.
500   $aSubmitted pursuant to requirements of Contract DADA 1576-M-H946 by John F. Coffey under WRAMCS 6059-300-001-053R.
500   $aItem 351-A.
650  0$aRace relations$xStudy and teaching$vCongresses.
651  0$aUnited States$xRace relations$vCongresses.
700 1 $aCoffey, John F.
710 2 $aWalter Reed Army Medical Center.
710 1 $aUnited States.$bArmy Medical Department.
988   $a20020608
906   $0OCLC

