LEADER 00802nam a2200241   4500
001 005000671-1
005 20121205170800.0
008 860717s1952    dcua     b    000 0 eng  
010   $a   53060425 
035 0 $aocm13896610
040   $aDLC$cCUY$dHBS
043   $an-us---
050 0 $aHD9895$b.A55 1952
110 1 $aUnited States.$bDepartment of Agriculture.
245 10$aMaterials survey, apparel wool, 1952,$ccompiled for the Materials Office, National Security Resources Board.
260   $a[Washington]$c1952.
300   $a85 ℓ. (incl. cover)$btables.$c27 cm.
504   $aBibliography: ℓ. 82-85.
650  0$aWool industry$zUnited States.
650  0$aWool industry.
710 1 $aUnited States.$bNational Security Resources Board.$bMaterials Office.
988   $a20020608
906   $0DLC

