LEADER 00600nam a2200193Ia 4500
001 005000672-X
005 20020606095253.2
008 860721s1945    maua     c    000 0 eng d
035 0 $aocm13910114
040   $aWCM$cWCM$dHFL
110 2 $aFogg Art Museum.
245 10$aSixty Chinese and Japanese paintings /$cFogg Museum of Art, Spring 1945.
260   $a[Cambridge, Mass. :$bFogg Art Museum,$c1945.]
300   $a[7] p. :$bill. ;$c23 cm.
500   $aCatalog of an exhibition.
650  0$aPainting, Chinese$vExhibitions.
650  0$aPainting, Japanese$vExhibitions.
988   $a20020608
906   $0OCLC

