LEADER 00754nam a2200217Li 4500
001 005000673-8
005 20020606095253.2
008 860724s1865    it a          001 0 ita d
035 0 $aocm13928075
035 0 $aocm13928075$zocm13774576
040   $aUBY$cUBY$dCIN$dHLS
090   $aPQ4353.F6$bF7
100 1 $aFrullani, Emilio.
245 10$aDella casa di Dante :$brelazione con documenti al Consiglio generale del comune di Firenze /$cEmilio Frullani, Gargano Gargani.
260   $aFirenze :$bTip. dei successori Le Monnier,$c1865.
300   $a93 p. :$bill. ;$c28 cm.
500   $aIncludes index.
600 00$aDante Alighieri,$d1265-1321$xHomes and haunts$zItaly$zFlorence.
700 1 $aGargani, Gargano,$d1820-1889.
988   $a20020608
906   $0OCLC

