LEADER 00899nam a2200229La 4500
001 005000674-6
005 20020606095253.2
008 821117s1617    fr            000 0 fre d
035 0 $aocm14010363
040   $aUBY$cUBY$dHHG
043   $ae-fr---
100 1 $aConcini, Concino,$cmaréchal d'Ancre,$dapproximately 1575-1617.
245 10$aLettre escrite au Roy /$cpar Monsievr le Mareschal d'Ancre.
260   $aParis :$bFlevry Bovriqvant,$c1617.
300   $a6, [2] p. ;$c17 cm.
500   $aPrinter's device on title page; head piece; initial; unfoliated.
500   $aDated: Du Pont de l'Arche le 13. mars 1617.
501   $aBound with Les charmes de Conchine ... [1617].
510 4 $aFrench political pamphlets 1547-1648 / by R.O. Lindsay and J. Neu. Madison : University of Wisconsin Press, 1969$c3816.
651  0$aFrance$xHistory$yLouis XIII, 1610-1643.
988   $a20020608
906   $0OCLC

