LEADER 00841nam a2200253La 4500
001 005000675-4
005 20020606095253.2
008 831102s1925    enka          000 0 eng d
035 0 $aocm14012635
040   $aUBY$cUBY$dHHG
100 1 $aDe la Mare, Walter,$d1873-1956.
245 14$aThe hostage /$cby Walter De La Mare.
246 3 $aChristmas.
260   $a[London :$bSelwyn & Blount,$c1925]
300   $a1 folded sheet (4 p.) :$bcol. ill. ;$c20 cm.
500   $aChristmas card.
500   $aTitle from caption on 2d leaf; imprint on 4th leaf.
500   $aPrinted on outside of double leaf unopened at top.
500   $aA poem.
500   $aAnother issue has "Published by Selwyn & Blount ..." on 4th leaf.
500   $aOn 1st leaf: Christmas.
510 4 $aCambridge bibliography,$cv.4, p.257
988   $a20020608
906   $0OCLC

