LEADER 00654nam a2200217L  4500
001 005000676-2
005 20020606095253.2
008 810825s1969    xx            000 0 rus  
010   $a   70470157 
035 0 $aocm14021211
040   $aDLC$cUPM$dHLS
050 0 $aZ678.8.R8$bF76
100 1 $aFrumin, I. M.$q(Isidor Markovich)
245 10$aOrganizat︠s︡ii︠a︡ raboty sovetskoĭ biblioteki$buchebnik$cI.M. Frumin
260   $aMoskva$bIzdatelʹstvo "Kniga"$c1969
300   $a280 p.$c21cm.
504   $aIncludes bibliographical references
650  0$aLibrary administration.
650  0$aLibraries$zSoviet Union.
988   $a20020608
906   $0DLC

