LEADER 01069nam a2200253   4500
001 005000677-0
005 00000000000000.0
008 860808s1962    gw       b    000 0 ger  
010   $a   65069007 
035 0 $aocm14066774
040   $aDLC$cCUY$dCUY$dHBS
043   $ae-gw---$ae-ge---
050  4$aHD6699.N6$bA1 L3, S3, no.19
090   $aHD6699.N6$bA1 L3, S3, no.19
110 2 $aLandesvereinigung der Industriellen Arbeitgeberverbände Nordrhein-Westfalens.
245 14$aDie Entwicklung des Arbeitrechts in Ost und West;$bVorträge auf der Geschäftsführerkonferenz der Landesvereinigung der Industriellen Arbeitgeberverbände Nordrhein-Westfalens e. V. am 22. Juni 1962 in Berlin.
260   $a[Düsseldorf,$c1962]
300   $a69 p.$c21 cm.
440  0$aSchriftenreihe der Landesvereinigung der Industriellen Arbeitgeberverbände Nordrhein-Westfalens ;$vHeft Nr. 19
504   $aBibliographical footnotes.
650  0$aLabor laws and legislation$zGermany (West)
650  0$aLabor laws and legislation$zGermany (East)
988   $a20020608
906   $0DLC

