LEADER 00885nam a2200265K  4500
001 005000678-9
005 20020606095253.2
008 860813s1943    maua     c    010 0 eng d
035 0 $aocm14081201
040   $aYJE$cYJE$dHFL
110 2 $aFogg Art Museum.
245 10$aMasters of four arts: Wright, Maillol, Picasso, Strawinsky.$bIn memory of Frederick Randolph Grace.
260   $aCambridge,$c1943.
300   $a21 p.$billus.$c24 cm.
500   $aCatalog.
500   $aExhibition held: May 4 - 29, 1943.
500   $aConcert: May 7, 1943.
500   $aAt head of title: In memory of Frederick Randolph Grace.
600 10$aMaillol, Aristide,$d1861-1944.
600 10$aWright, Frank Lloyd,$d1867-1959.
600 10$aPicasso, Pablo,$d1881-1973.
600 10$aStravinsky, Igor,$d1882-1971.
700 1 $aGrace, Frederick Randolph,$d1909-1942.
988   $a20020608
906   $0OCLC

