LEADER 02315nam a2200349Ia 4500
001 005000679-7
005 20020606095253.2
008 860819s1852    enkaf         000 0 eng  
010   $a   02007084 //r
035 0 $aocm14108484
040   $aDLC$cIUL$dIUL$dHHG
043   $ae-uk---
050 0 $aHN389$b.C7
100 0 $aCommon Sense.
245 10$a"Common Sense" on the domestic habits of the people /$cwith six illustrations by George Cruikshank.
246 3 $aOn the domestic habits of the people
260   $aLondon :$bCharles Gilpin,$c1852.
300   $avi, 96 p., [1] leaf of plates :$b6 ill. ;$c19 cm.
500   $aA collection of letters by "Common Sense".
500   $a"Some of the following letters appeared recently in the Glasgow herald, North British mail, Daily mail, Constitutional, Examiner, Christian news, and Greenock advertiser newspapers."--Preface, p. [iii].
500   $aFive of the 6 plates are included in the pagination.
510 4 $aCohn, A. George Cruikshank,$c155
510 4 $aReid, G.W. George Cruikshank,$c4310-4315
505 00$tOur modern privileges and social results --$tCheap living, and a fair day's wage for a fair day's work, but no comfort --$tDrunkenness: one of its great causes, and means for its removal --$tA plan by which all our churches may be filled, and more wanted, pauperism and crime reduced, and peace and plenty brought to the firesides of thousands who are now destitute of those blessings --$tAn alarm to teetotallers, and all others who are interested in the sobriety and happiness of the people ; Mr. Hume's inconsistency --$tDrunken women --$tThe everlasting subject of the wynds --$tA word to young men in search of wives --$tMore domestic misery --$tConclusion of the story of the drunken wife --$tDrunkenness amongst paupers --$tCommon sense and the farmer --$tMy first impressions of London.
650  0$aAlcoholism$zGreat Britain.
651  0$aGreat Britain$xSocial conditions$y19th century.
651  0$aGlasgow (Scotland)$xSocial conditions$y19th century.
651  0$aGlasgow (Scotland)$xSocial conditions.
752   $aEngland$dLondon.
776 08$iOnline version:$aCommon sense (Writer)$t"Common Sense"$dLondon : Charles Gilpin : [Reed and Pardon, printers], 1852$w(OCoLC)574515481
988   $a20020608
906   $0DLC

