LEADER 00650nam a2200193K  4500
001 005000680-0
005 20020606095253.2
008 860825s1755    it            000 0 ita d
035 0 $aocm14140107
040   $aCLU$cCLU$dHHG
090   $aPN2051$b.C74de
100 1 $aConcina, Daniele,$d1687-1756.
245 00$aDe' teatri moderni contrari alla professione Cristiana libri due,$bdel p. Daniele Concina ... in conferma delle sue dissertazioni De spectaculis theatralibus.
260   $aRoma,$bBarbiellion,$c1755.
300   $a376 p.
650  0$aTheater$xMoral and ethical aspects.
650  0$aTheater$xReligious aspects.
988   $a20020608
906   $0OCLC

