LEADER 00763nam a2200205   4500
001 005000681-9
005 20121204222300.0
008 851202s1947    moua          000 0 eng d
035 0 $aocm14140406
040   $aCOF$cCOF$dHBS
100 1 $aBryant, William D.
245 10$aKansas City's livestock industry, strengths and weaknesses,$cby W. D. Bryant and Archie Russell.
260   $aKansas City, Mo.,$bDept. of Research and Information,$c1947.
300   $a22 ℓ.$b146 plates (part fold.), 18 tables.$c28 cm.
650  0$aMeat industry and trade$zMissouri$zKansas City.
650  0$aCattle trade$zUnited States.
700 1 $aRussell, Archie,$ejoint author.
710 1 $aKansas City (Mo.).$bDepartment of Research and Information.
988   $a20020608
906   $0OCLC

