LEADER 00770cam a2200253L  4500
001 005000682-7
005 20020606095253.2
008 860210s1974    mdu           000 0 eng u
035 0 $aocm14140616
035 0 $aocm14140616$zocm00878331
040   $cCOF$dAGX$dHLS
072  0$aP200
090   $aHT167$b.B8x
100 1 $aBullard, W. E.
245 10$aWater related land use planning guidelines,$cby W. E. Bullard.
260   $a[Bethesda, Md.]$bInterstate Commission on the Potomac River Basin,$c1974.
300   $a32 p.$billus.$c28 cm.
504   $aBibliography: p.32.
650  0$aRegional planning.
650  0$aWater resources development.
650  0$aLand use.
710 2 $aInterstate Commission on the Potomac River Basin.
988   $a20020608
906   $0MH

