LEADER 00763cam a2200265 a 4500
001 005000683-5
005 20100104233905.0
008 840830s1983    ko            000 0 korr 
010   $a   84208078 
035 0 $aocm14165480
040   $aDLC$cDLC
041 0 $akor$beng
043   $aa-kr---
050 00$aDS910.18$b.N6 1983
100 1 $aNo, Kye-hyŏn,$d1932-
245 10$6880-01$aHanʼguk oegyosa yŏnʼgu /$cNo Kye-hyŏn chŏ.
260   $aSŏul :$bKabyŏn Chʻulpʻansa,$c1983.
300   $a383 p. ;$c23 cm.
500   $aSummaries in English.
651  0$aKorea$xForeign relations.
880 10$6245-01$a韓國外交史硏究 /$c盧啓鉉著.
880   $6260-00$a서울 :$b甲寅出版社,$c1983.
988   $a20021207
049   $aSYSS
906   $0DLC

