LEADER 00749nam a2200229K  4500
001 005000684-3
005 20020606095253.2
008 860903s1922    fr bf    b    000 0 fre d
035 0 $aocm14176183
040   $aCLU$cCLU$dHLS
090   $aDR701.S7$bG5
100 1 $aGodart, Justin,$d1871-
245 02$aL'Albanie en 1921.$cPréface de M. d'Estournelles de Constant ... Illustrations et cartes.
260   $aParis,$bLes presses universitaires de France,$c1922.
300   $a2 p. l., 374 p. incl. plates, maps.$bfold. map.
500   $aAuthor's name at head of title.
500   $aPlates printed on both sides.
504   $aBibliographical foot-notes.
650  0$aEastern question (Balkan)
651  0$aAlbania.
988   $a20020608
906   $0OCLC

