LEADER 00783cam a2200253   4500
001 005000685-1
005 00000000000000.0
008 860916s1970    fr a     b    000 0 fre  
010   $a   70481830 
015   $aF***
035 0 $aocm14224448
040   $aDLC$cWAU$dOCL$dHBS
050 0 $aS561$b.B65 1970
100 1 $aBoussard, Jean-Marc.
245 10$aProgrammation mathématique et théorie de la production agricole.$cPréf. de Luc Fauvel.
260   $aParis,$bCujas,$c1970.
300   $a251 p.$billus.$c24 cm.
490 0 $aMarchés et structures agricoles,$v14
500   $aOriginally presented as the author's thesis, Paris, 1968.
504   $aBibliography: p. [223]-237.
650  0$aFarm management.
650  0$aLinear programming.
988   $a20020608
906   $0DLC

