LEADER 00878nam a2200205K  4500
001 005000686-X
005 20020606095253.2
008 860916s1886    it c     b    000 0 ita d
035 0 $aocm14225659
040   $aCLU$cCLU$dHLS
090   $aPQ4390$b.G438f
100 1 $aDella Giovanna, Ildebrando.
245 10$aFrammenti di studi danteschi.
260   $aPiacenza,$bV. Porta,$c1886.
300   $a72 p.$bport.
504   $aIncludes bibliographical references.
505 0 $aAmore centrum circuli.--Come Dante sarebbe stato loudatore di sè medesimo.--Quando Beatrice nel monde venne?--La seconda morte degli antichi spiriti dolenti.--L'allegoria di Catone.--I vaneggiamenti di Dante per la bella giovinetta lucchese!--L'infedeltà di Dante e Matelda.--Pel trasumanare di Dante.
600 00$aDante Alighieri,$d1265-1321$xCriticism and interpretation.
988   $a20020608
906   $0OCLC

