LEADER 01216cam a22002771  4500
001 005000687-8
005 20110819143430.0
008 860903s1873    enka     f    000 0 eng c
010   $a   41034726 //r902
035 0 $aocm14240767
040   $aDLC/ICU$cCGU$dDLC$dHMZ
050 00$aSF810.E6$bC6
060 00$aSF$bC654i 1873
060 00$aFilm 5285 no. 3
082 00$a619
100 1 $aCobbold, T. Spencer$q(Thomas Spencer),$d1828-1886.
245 14$aThe internal parasites of our domesticated animals :$ba manual of the Entozoa of the ox, sheep, dog, horse, pig, and cat /$cby T. Spencer Cobbold.
260   $aLondon :$bThe Field office,$c1873.
300   $aix, [1], 144 p. :$billus. ;$c20 cm.
500   $a"The greater part of the contents of this volume originally appeared in the form of articles contributed to the Field."--Pref.
500   $a"Index of authorities": p. [140]-144.
650  0$aDomestic animals$xParasites$xHandbooks, manuals, etc.
655  7$aHandbooks, manuals, etc.$2fast
776 08$iOnline version:$aCobbold, T. Spencer (Thomas Spencer), 1828-1886.$tInternal parasites of our domesticated animals.$dLondon, Field Office, 1873$w(OCoLC)903470655
988   $a20020608
906   $0OCLC

