LEADER 00556nam a2200193K  4500
001 005000688-6
005 20070706164820.0
008 860920s1959    it ach        000 0 ita d
035 0 $aocm14244358
040   $aCLU$cCLU$dHLS
090   $aPQ4817.G441$bA6
100 1 $aGiotti, Virgilio,$d1885-1957.
245 10$aAppunti inutili.
260   $aTrieste,$bEdizioni dello zibaldone,$c1959.
300   $a90 p.$billus., facsims., port.
490 1 $aLo zibaldone, 2. serie
830  0$aZibaldone (Edizioni dello Zibaldone) ;$vser. 2.
988   $a20020608
906   $0OCLC

