LEADER 00849cam a2200265Ia 4500
001 005000689-4
005 20020606095253.2
008 860923q19001909fr a          000 0 fre d
035 0 $aocm14251553
040   $aGSN$cGSN$dUMC$dHLS
043   $ae-fr---
090   $aDC611.B773$bB68 1900z
245 00$aBourgogne, Morvan, Nivernais /$cintroduction de Imbart de la Tour.
260   $a[Paris? :$bHachette?,$c190-?]
300   $a69 p. :$bill. (1 col.) ;$c32 cm.
440  3$aLe Pays de France ;$v8
500   $aCover title.
650  0$aArt$zFrance$zBurgundy.
650  0$aArchitecture$zFrance$zBurgundy.
651  0$aBurgundy (France)$xPictorial works.
651  0$aMorvan (France)$xPictorial works.
651  0$aNivernais (France)$xPictorial works.
700 2 $aImbart de La Tour, Joseph,$ccomte,$d1859-
988   $a20020608
906   $0OCLC

