LEADER 01412cam a2200301Ia 4500
001 005000690-8
005 20050520111820.0
008 860923s1734    enk           000 0 eng d
035 0 $aocm15117698
035 0 $aocm14253273
040   $aMUU$cMUU$dOCL$dHHG
090   $aJN503$b.C6 1734
245 02$aA Compleat list of the members who voted for and against the bill for repealing the Septennial Act and for the more frequent meeting and calling of Parliaments with the speeches of the two gentlemen who moved and seconded the question, Mar. 13, 1733/34.
260   $aLondon :$bPrinted for J. Wilford ...,$c1734.
300   $a19, [1], 12 p. ;$c20 cm. (8vo)
500   $aSpeeches by William Bromley and Sir John St. Aubyn.
500   $aSignatures: A-D⁴, (B2 missigned B3).
500   $aThe list, with extensive ms. additions, appears on p. [1]-12, 2d count.
510 4 $aESTC$cT145256
520   $aThe Septennial Act by which a Parliament has continuance for seven years, and no longer, unless sooner dissolved. Cf. Black's Law dictionary. 4th ed.
610 10$aGreat Britain.$tSeptennial Act, 1716.
610 10$aGreat Britain.$bParliament$xElections.
610 10$aGreat Britain.$bParliament$xVoting.
651  0$aGreat Britain$xPolitics and government$y1727-1760.
700 1 $aBromley, William,$d1663?-1732.
700 2 $aSt. Aubyn, John,$cSir,$d1696-1744.
988   $a20020608
906   $0OCLC

