LEADER 00829nam a2200241 a 4500
001 005000691-6
005 00000000000000.0
008 860926m1921    nyua     b    000 0 eng d
035 0 $aocm14270207
040   $aCUY$cCUY$dHBS$dHMM
043   $an-us---
050  4$aHD1484$b.P7
100 1 $aPowell, George Harold.
245 10$aCoöperation in agriculture /$cby G. Harold Powell.
260   $aNew York :$bMacmillan,$c1921.
300   $axv, 327 p. :$bill. ;$c20 cm.
504   $aBibliography: p. 317-324.
650  0$aAgriculture, Cooperative$zUnited States.
650  0$aAgriculture$xEconomic aspects.
650  0$aAgricultural societies$zUnited States.
776 08$iOnline version:$aPowell, George Harold.$tCoöperation in agriculture.$dNew York, Macmillan 1921 [1913]$w(OCoLC)894242035
988   $a20020608
906   $0OCLC

