LEADER 00943nam a2200265K  4500
001 005000692-4
005 20060224150413.0
008 860929s1938    it cf    b    000 0 ita d
035 0 $aocm33129860
035 0 $aocm14277079
040   $aCLU$cCLU$dHLS
050  4$aPQ4716.M87$bZ5 1938
090   $aPQ4716.M87$bZ5g 1938
100 1 $aDi Giovanni, Alessio,$d1872-1946.
245 03$aLa vita e l'opera di Giovanni Meli,$ca cura di Alessio di Giovanni.
260   $aFirenze,$bF. Le Monnier,$c1938.
300   $axv, 262, [2] p. incl. front. (port.)$bplates.$c20 cm.
490 1 $a"Le vite"
500   $aSeconda edizione.
504   $a"Nota bibliografica": p. [253]-262.
600 10$aMeli, Giovanni,$d1740-1815.
776 08$iOnline version:$aDi Giovanni, Alessio, 1872-1946.$tVita e l'opera di Giovanni Meli.$b2. ed.$dFirenze : Felice Le Monnier, 1938$w(OCoLC)712736909
830  0$aCollezione "Le vite"
988   $a20020608
906   $0OCLC

