LEADER 01149nam a22002771  4500
001 005000693-2
005 20130917122037.0
008 841201s1715    ne af         000 0 lat d
016 7 $a2661189R$2DNLM
035 0 $aocm14330850
040   $aNLM$cNLM$dHHG
060 0 $a18th c.
100 1 $aCommelin, Caspar,$d1667?-1731.
245 10$aPraeludia botanica.
246 30$aPræludia botanica
246 30$aPræludia botanica ad publicas plantarum exoticarum demonstrationes
246 30$aCaspari Commelin ... Præludia botanica ad publicas plantarum exoticarum demonstrationes
246 30$aIcones plantarum quaquâ-versum præsertim ex Indiis collectarum
260   $aLugduni Batavorum,$c1715.
300   $a[viii], 85, [1], 33 leaves of plates :$bill. ;$c25 cm.
500   $aAlso with an engraved title-page: "Icones plantarum quaquâ-versum præsertim ex Indiis collectarum," etc., with the date 1716 in the imprint.
501   $aWith this is bound his: Horti Medici Amstelaedamensis plantae rariores et exoticae. Leyden, 1715.
650  0$aBotany$vPre-Linnean works.
650  0$aBotany$vPictorial works.
988   $a20020608
906   $0OCLC

