LEADER 00729nam a2200241Ia 4500
001 005000694-0
005 20020606095253.2
008 861009s1939    fr            000 0 fre d
010   $a   42000781 
035 0 $aocm14367489
040   $aLRL$cLRL$dHLS
043   $ae-fr---
050  4$aVK1571$b.G5
090   $aVK1571$b.G5
100 1 $aGirard, Michel Joseph.
245 13$aLe pilotage maritime et la loi du 28 mars 1928 /$cpar Michel-Joseph Girard.
260   $aFontenay-le-Comte (Vendée) :$bImprimerie moderne,$c1939.
300   $a110 p. ;$c25 cm.
502   $aThesis (doctoral)--Université de Paris, 1939.
650  0$aPilots and pilotage$zFrance.
650  0$aMaritime law$zFrance.
988   $a20020608
906   $0OCLC

