LEADER 00681nam a2200193 a 4500
001 005000695-9
005 00000000000000.0
008 840222s1880    nyua          000 0 eng d
010   $a   07018704 
035 0 $aocm14446686
040   $aDLC$cEYM$dHBS$dHMM
050 0 $aHF5716.G7$bF5
100 1 $aFisher, George W.
245 10$aFisher's grain tables :$bshowing the value of different kinds of grain in bushels and pounds, at a given price from ten cents to two dollars per bushel--from one pound to several thousand pounds ...
260   $aRochester, N.Y. :$bG.W. Fisher,$c1880.
300   $a190 p. :$bill. ;$c13 cm.
650  0$aGrain trade$vTables.
988   $a20020608
906   $0DLC

