LEADER 00969cam a2200241 a 4500
001 005000696-7
005 20024617123543.0
008 861029s1956    ko ac         000 0 kor c
010   $ak 60000645
035 0 $aocm14560482
040   $aHarvard Univ. Chinese-Japanese Library$cTxDaM-P$dTxDaM-P$dOCoLC$dMH-HY$dCStRLIN
100 1 $6880-01$aKim, Yang-sŏn,$d1905-1970.
245 10$6880-02$aHanʾguk Kidokkyo haebang simnyōnsa /$cKim Yang-sŏn chŏ.
260   $6880-03$aSŏul :$bTaehan Yesugyo Changnohoe Chʻonghoe Chonggyo Kyoyukpu,$c1956.
300   $a370 p. :$bill., port. ;$c21 cm.
651  0$aKorea$xChurch history.
740 0 $6880-04$aHanʾguk Kidokkyo haebang 10-yōnsa.
880 1 $6100-01$a金良善,$d1905-1970.
880 10$6245-02$a韓國基督敎解放十年史 /$c金良善著.
880   $6260-03$a서울 :$b大韓예수敎長老會總會宗敎敎育部,$c1956.
880 0 $6740-04$a韓國基督敎解放10年史.
988   $a20021207
906   $0MH

