LEADER 00538nam a2200169L  4500
001 005000697-5
005 20020606095253.2
008 860912s1877    enk           000 0 eng d
035 0 $aocm14569786
040   $aYUS$cYUS$dHLS
100 1 $aGladstone, W. E.$q(William Ewart),$d1809-1898.
245 14$aThe Sclavonic provinces of the Ottoman Empire$baddress.
260   $aLondon, etc.,$bCassell Petter & Galpin,$c1877.
300   $app. 16
490 0 $aEastern question association. Papers on the eastern question,$v5
988   $a20020608
906   $0OCLC

