LEADER 00786nam a22002651  4500
001 005000698-3
005 20020606095253.2
008 810815s1963    fr            000 0 fre d
016 7 $a27710560R$2DNLM
035 0 $aocm14599458
035 0 $aocm14599458$zocm06724403
040   $aNLM$cNLM$dCOO$dHVL
060 0 $aW 50$bL323c 1963
090   $aGT6370$b.L32
100 1 $aLarguier, Anne Marie.
245 10$aCertificats médicaux et secret professionnel.
260   $aParis,$bDalloz,$c1963.
300   $a227 p.
490 0 $aGrenoble. Université. Faculté de droit et des sciences économiques. Essais et travaux,$v18
500   $aWithout thesis statement.
502   $aThèse - Lyon.
650  2$aEthics, Medical.
650  2$aJurisprudence.
988   $a20020608
906   $0OCLC

