LEADER 00533nam a22002051  4500
001 005000699-1
005 20020606095253.2
008 820221s1962    xx            000 0 ita d
016 7 $a1121028R$2DNLM
035 0 $aocm14626210
040   $aNLM$cNLM$dHLS
060 0 $aW1$bSC827 n.29 1962
100 1 $aDi Giovanni, Antonio.
245 10$aIndex antibioticorum, 1860-1960.
260   $aGenova,$c1962.
300   $a101 p.
440  0$aScientia veterum,$vn. 29
650  2$aAnti-Bacterial Agents$xhistory.
988   $a20020608
906   $0OCLC

