LEADER 00873cam a2200253Ia 4500
001 005000700-9
005 20020606095253.2
008 861103s1948    fr       b    001 0 fre d
010   $a   49020682 
035 0 $aocm14627227
040   $aLUL$cLUL$dHVL
090   $aKJV3894$b.M35 1948
100 1 $aMallard, Louis.
245 10$aTraité complet de l'expertise judiciaire en matière civile, commerciale, criminelle, administrative et fiscale /$cLouis Mallard ; préface de René Morel.
250   $a6e éd., entièrement ref. /$bpar Gaston Roussel.
260   $aParis :$bEditions techniques,$c1947 [i.e. 1948]
300   $a818 p. ;$c26 cm.
500   $aIncludes index.
504   $aBibliography: p. [9]-11.
650  0$aEvidence, Expert$zFrance.
650  0$aEvidence, Expert$zFrance$xForms.
700 1 $aRoussel, Gaston,$cabbé.
988   $a20020608
906   $0OCLC

