LEADER 01285cam a22002891  4500
001 005000701-7
005 20020606095253.2
008 820221s1953    it ac         100 0 ita d
016 7 $a1047007R$2DNLM
035 0 $aocm14671449
040   $aNLM$cNLM$dHLS
050 14$aQP801.V5$bG5 1953
060 0 $aW1$bRI102 anno 23 1953 Suppl.
111 2 $aScience Day$n(3d :$d1953 :$cMilan)
245 10$aConvegno sulle vitamine, Milano, 12-16 aprile 1953.
260   $aRoma,$bConsiglio nazionale delle ricerche,$c1953.
300   $alix, 883 p.$bill., ports.
500   $aAt head of title: Consiglio nazionale delle ricerche, 3a Giornata della scienza, indetta dal C. N. R. in occasione della 31. Fiera di Milano.
500   $aTable of contents in Italian, English, French and German; summaries of papers in English, French and German.
500   $aLa ricerca scientifica, anno 23, supplemento.
650  2$aVitamins$xcongresses.
650  0$aVitamins$vCongresses.
655  7$aConference proceedings.$2fast
710 2 $aConsiglio nazionale delle ricerche (Italy)
776 08$iOnline version:$aScience Day (3d : 1953 : Milan).$tConvegno sulle vitamine, Milano, 12-16 aprile 1953.$dRoma, Consiglio nazionale delle ricerche, 1953$w(OCoLC)691706902
988   $a20020608
906   $0OCLC

