LEADER 01728cam a22003131  4500
001 005000702-5
005 20020606095253.2
008 810622s1949    xx       l    000 0 eng d
016 7 $a01730340R$2DNLM
035 0 $aocm14679486
040   $aNLM$cNLM$dOCL$dHBS
043   $an-us---
050 00$aHD7123$b.A22 no. 16
060 0 $aHD 7091$bU58s 1949
110 1 $aUnited States.$bSocial Security Administration.$bDivision of Research and Statistics.
245 10$aSocial security legislation throughout the world;$bfive charts summarizing the principal legislative provisions.$cPrepared by Carl H. Farman and Veronica Marren Hale.
260   $a[Washington,$c1949]
300   $aiv, 176 p.
490 1 $aU. S. Social Security Administration. Division of Research and Statistics. Bureau report,$vno. 16
504   $a"Bibliographic references": pages 167-173.
650  2$aSocial Security$xlegislation.
650  0$aSocial security$xLaw and legislation.
700 1 $aFarman, Carl H.$q(Carl Hugo),$d1901-
700 1 $aHale, Veronica Marren,$d1910-
776 08$iOnline version:$aFarman, Carl H. (Carl Hugo), 1901-$tSocial security legislation throughout the world.$dWashington, D.C. : Federal Security Agency, Social Security Administration, Division of Research and Statistics, 1949$w(OCoLC)569153686
776 08$iOnline version:$aFarman, Carl H. (Carl Hugo), 1901-$tSocial security legislation throughout the world.$dWashington, D.C. : Federal Security Agency, Social Security Administration, Division of Research and Statistics, 1949$w(OCoLC)607764372
810 1 $aUnited States.$bSocial Security Administration.$bDivision of Research and Statistics.$tBureau report ;$vno. 16.
988   $a20020608
906   $0OCLC

