LEADER 01958cam a22003011  4500
001 005000703-3
005 20020606095253.2
008 820221s1935    sz            000 0 mul d
016 7 $a13730220R$2DNLM
035 0 $aocm14744973
040   $aNLM$cNLM$dHBS
050 14$aJX1975.A2$bC664 1935
060 0 $aSF 998$bL434c 1935
110 2 $aLeague of Nations.
245 10$aConvention internationale pour la lutte contre les maladies contagieuses des animaux$bInternational convention for the campaign against contagious diseases of animals.
260   $a[Genève,$c1935]
300   $a[1], 2-5, 2-5, 6-9 p.
490 1 $aSérie de publicaciones. II. Questions économiques et financières ;$v1935.II.B.1
500   $aOfficial no.: C.77.M.33.1935.II.B.
500   $aAt head of title: ... Genève, le 1er mars 1935. Société des nations ... League of nations.
500   $aThe present convention, signed at Geneva, February 20th, 1935, by the delegates of Bulgaria, France, Italy, Latvia, the Netherlands, Poland, Rumania, Switzerland, and Czechoslovakia, was drawn up by the Economic committee of the League of nations in 1931, and revised, October 1934, at a special meeting of delegates of governments chiefly concerned.
650  0$aVeterinary hygiene$xLaw and legislation.
711 2 $aMeeting of Delegates of Governments for the Examination of Three Draft Veterinary Conventions$d(1934 :$cGeneva)
711 2 $aMeeting of delegates of governments for the examination of three draft veterinary conventions$d(1934 :$cGeneva, Switzerland)
776 08$iOnline version:$aMeeting of Delegates of Governments for the Examination of Three Draft Veterinary Conventions (1934 : Geneva).$tConvention internationale pour la lutte contre les maladies contagieuses des animaux.$d[Genève, 1935]$w(OCoLC)574561825
810 2 $aLeague of Nations.$tPublications. II. Questions économiques et financières ;$v1935.II.B.1.
988   $a20020608
906   $0OCLC

