LEADER 00561nam a22002051  4500
001 005000704-1
005 20101006090852.0
008 810815s1897    fr            000 0 fre d
016 7 $a28321050R$2DNLM
035 0 $aocm14778279
040   $aNLM$cNLM$dHVL
060 0 $aW 600$bB781i 1897
100 1 $aBouton, René.
245 12$aL'infanticide, étude morale et juridique.
260   $aParis,$bSociété d'éditions scientifiques,$c1897.
300   $a240 p. ;$c26 cm.
650  0$aInfanticide$zFrance.
650  0$aCrime$zFrance.
988   $a20020608
906   $0OCLC

