LEADER 00802nam a22002531a 4500
001 005000705-X
005 20130926140428.0
008 820626s1901    fr a          000 0 fre d
016 7 $a62420350R$2DNLM
035 0 $aocm14781102
040   $aNLM$cNLM$dHBS$dHMM
060 0 $aTS$bB752t 1901
100 1 $aBouant, Émile,$d1847-
245 13$aLe tabac, culture et industrie /$cEmile Bouant.
260   $aParis :$bJ.-B. Baillière,$c1901.
300   $axii, 347 p. :$bill. ;$c18 cm.
440  0$aEncyclopédie industrielle
650  0$aTobacco.
650  0$aTobacco industry.
710 2 $aJulio Mario Santo Domingo Collection.$5wid
830  0$aHarvard social history/business preservation microfilm project.$nProject 3 ;$v30132.$5mmf
899   $aGIFT_415_SANTOD
988   $a20020608
906   $0OCLC

