LEADER 01153nam a2200289 a 4500
001 005000706-8
005 20150429125504.0
008 820128s1881    fr f     b    000 0 fre d
016 7 $a54920940R$2DNLM
035 0 $aocm14784555
040   $aNLM$cNLM$dHLS
043   $ae-gr---
050 04$aD5$b.B4 v.23
060 0 $aWZ 51$bG518a 1881
100 1 $aGirard, Paul Frédéric,$d1852-1926.
245 12$aL'Asclépieion d'Athènes d'après de récentes découvertes :$bthèse présentée à la Faculté des Lettres de Paris /$cpar Paul Girard.
260   $aParis :$bThorin,$c1881.
300   $aiv, 134 p., 4 leaves of plates ;$c22 cm.
490 0 $aBibliothèque des écoles françaises d'Athènes et de Rome ;$vfasc. 23
504   $aIncludes bibliographical references.
600 10$aAsklepios (Greek deity)$xShrines$zGreece$zAthens.
650  2$aMedicine$zGreece.
710 2 $aJulio Mario Santo Domingo Collection.$5med
776 08$iOnline version:$aGirard, Paul, 1852-1922.$tAsclépieion d'Athènes d'après de récentes découvertes.$dParis, E. Thorin, 1881$w(OCoLC)897793422
899   $aGIFT_415_SANTOD
988   $a20020608
906   $0OCLC

