LEADER 00591nam a22001811  4500
001 005000707-6
005 20020606095253.2
008 810815s1912    fr            000 0 fre d
016 7 $a28330950R$2DNLM
035 0 $aocm14802650
040   $aNLM$cNLM$dHVL
060 0 $aW 600$bD894a 1912
100 2 $aDu Moriez, S.
245 12$aL'avortement; étude historique, philosophique, sociale, médicale, légale et de droit comparé,$bses conséquences au point de vue de la dépopulation de la France.
260   $aParis,$bMarchal & Godde,$c1912.
300   $axii, 308 p.
988   $a20020608
906   $0OCLC

