LEADER 00841cam a22002411  4500
001 005000708-4
005 20110819151232.0
008 820821s1864    enkaf    b    000 0 engdd
010   $a   06023447 
016 7 $a62010360R$2DNLM
035 0 $aocm14850493
035 0 $aocm14850493$zocm06404168
040   $aNLM$cNLM$dTXA$dOCL$dHMZ
060 0 $aQX$bC654e 1864
100 1 $aCobbold, T. Spencer$q(Thomas Spencer),$d1828-1886.
245 10$aEntozoa, an introduction to the study of helminthology :$bwith reference, more particularly, to the internal parasites of man /$cby T. Spencer Cobbold.
260   $aLondon :$bGroombridge,$c1864.
300   $axxvi, 480 p., [22] plates (part col.) :$bill. ;$c26 cm.
504   $aBibliography: p. [421]-480.
650  0$aHelminths.
650  0$aMedical parasitology.
988   $a20020608
906   $0OCLC

