LEADER 01050nam a22002531  4500
001 005000709-2
005 20050113102639.0
008 820724s1872    enk           000 0 eng d
016 7 $a64421190R$2DNLM
035 0 $aocm14852714
035 0 $aocm14852714$zocm11287430
040   $aNLM$cNLM$dGZH$dHMZ
050  4$aRC226$b872C
060 0 $aWC$bC654w 1872
100 1 $aCobbold, T. Spencer$q(Thomas Spencer),$d1828-1886.
245 10$aWorms, a series of lectures on practical helminthology,$bdelivered at the Medical College of the Middlesex Hospital, with cases illustrating the symptoms, diagnosis and treatment of internal parasitic diseases /$cby T. Spencer Cobbold.
260   $aLondon :$bJ. and A. Churchill,$c1872.
300   $axii, 178 p. ;$c20 cm.
500   $aIncludes index.
650  2$aHelminths
650  0$aHelminths
776 08$iOnline version:$aCobbold, T. Spencer (Thomas Spencer), 1828-1886.$tWorms, a series of lectures on practical helminthology.$dLondon, Churchill, 1872$w(OCoLC)902981291
988   $a20020608
906   $0OCLC

