LEADER 01116nam a2200277Ia 4500
001 005000710-6
005 20020606095253.2
008 861125s1889    fr a          000 0 fre d
035 0 $aocm14875263
040   $aHUH$cHUH$dHVL
043   $ae-fr---
050  4$aDC342.8.B7$bA3 1889
090   $aDC342.8.B7$bA3 1889
100 1 $aBoulanger, Georges-Ernest-Jean-Marie,$d1837-1891.
245 13$aLe procès du Gal. Boulanger-Rochefort-Dillon, devant le Haute Cour de Justice :$bcompte rendu, jugement, condamnation.
250   $aEd. illustrée.
260   $aParis :$bLibrairie française,$c1889.
300   $a265 p. :$bill.
600 10$aBoulanger, Georges-Ernest-Jean-Marie,$d1837-1891.
600 10$aRochefort, Henri,$d1831-1913.
600 10$aDillon, Arthur.
700 1 $aRochefort, Henri,$d1831-1913.
700 1 $aDillon, Arthur,$d1834-1922.
776 08$iOnline version:$aBoulanger, Georges-Ernest-Jean-Marie, 1837-1891.$tProcès du Gal. Boulanger-Rochefort-Dillon, devant le Haute Cour de Justice.$bEd. illustrée.$dParis : Librairie française, 1889$w(OCoLC)903475473
988   $a20020608
906   $0OCLC

