LEADER 00700nas a2200217Ia 4500
001 005000711-4
005 20020606095253.2
008 861201u19229999nyuuu p       0   a0eng d
035 0 $aocm14907893
040   $aWIH$cWIH$dHLS
110 2 $aEnglish-Speaking Union of the United States.
245 10$aBulletin /$cEnglish-Speaking Union.
247 10$aNews bulletin, English-Speaking Union of the United States$fMay 1925
260   $aNew York :$bThe Union,$c1922-
300   $av.$bill., port.$c24 cm.
362 0 $aNo. 1 (Jan. 1922)-
500   $aTitle from cover.
515   $aNo more published after May 1925.
610 20$aEnglish-Speaking Union of the United States.
988   $a20020608
906   $0OCLC

