LEADER 00731nam a2200229Ki 4500
001 005000712-2
005 20051025134236.0
008 861202s1942    mau           000 0 eng d
035 0 $aocm14911081
040   $aYJE$cYJE$dHFL
090   $aTT507$b.F64 1942
110 2 $aFogg Art Museum.
245 00$aDesigns for the theatre in modern times.
260   $aCambridge, Mass. :$bThe Fogg Museum of Art,$c1942.
300   $a2 p. ℓ. :$b7 numb. ℓ. ;$c28 cm.
500   $aMimeographed.
650  0$aCostume design$xExhibitions$vCatalogs.
650  0$aBallet$xStage-setting and scenery$xExhibitions$vCatalogs.
690  9$aTheatre in art.$5fal
752   $aUnited States$bMassachusetts$dCambridge.
988   $a20020608
906   $0OCLC

