LEADER 00700nam a2200217K  4500
001 005000713-0
005 20020606095253.2
008 861205s1942    mauf          000 0 eng d
035 0 $aocm14927533
040   $aYJE$cYJE$dHFL
110 2 $aHarvard University.
245 00$aChinese jades, crystals, pottery and porcelains:$bthe Ernest B. Dane and the Helen P. Dane collection.
246 3 $aErnest B. Dane and the Helen P. Dane collection.
260   $aCambridge,$c1942.
300   $a12 p.,$bplates.$c25 cm.
500   $aSigned: Langdon Warner.
690  9$aArt, Chinese$xExhibitions.$5fal
700 1 $aDane, Ernest Blaney.
700 1 $aWarner, Langdon,$b1881-1955.
988   $a20020608
906   $0OCLC

