LEADER 00496cam a2200169La 4500
001 005000714-9
005 20020606095253.2
008 860923s1969    gr a          000 0 gre d
035 0 $aocm14975844
040   $aNYP$cNYP$dHLS
245 00$aPoiētikē kai kallitechnikē antologia neōn /$cGeōrgiou I. Giosē.
260   $aAthēna :$bIōlkos,$c1969.
300   $a288 p. :$bill. ;$c25 cm.
650  0$aGreek poetry, Modern$y20th century.
700 1 $aGiosēs, Geōrgios I.
988   $a20020608
906   $0OCLC

