LEADER 00733nam a2200205K  4500
001 005000715-7
005 20020606095253.2
008 861219s1564    it a          000 0 ita d
035 0 $aocm14992440
040   $aCLU$cCLU$dHHG
041 1 $aita$hlat
090   $aPA6375.C6$bD3I 1564
100 1 $aColumella, Lucius Junius Moderatus.
245 00$aDe l'agricoltvra.$bLibri XII.$cTrattato de gli alberi del medesimo, tradotto nuouamente di latino in lingua italiana per Pietro Lauro Modonese.
260   $aVenetia,$bAppresso Nicolò Beuilacqua,$c1564.
300   $a[7], 263 l.$bdiagrs.
500   $aSignatures: *⁸ (*₈ blank), A-Z⁸, AA-KK⁸ (KK₈ blank)
500   $aTranslation of: De re rustica.
988   $a20020608
906   $0OCLC

