LEADER 01743nam a2200397 a 4500
001 005000716-5
005 20020606095253.2
008 940923s1994    fr ae    b   l000 0dfre d
010   $a   95129830 
020   $a2905118490
035 0 $aocm31214242
040   $aNjP$cNjP$dNN$dDLC$dMH-FA
042   $alccopycat
043   $ae-fr---
050 00$aDC762.R65$bR84 1994
082 00$a944/.361$220
245 00$aRue du Faubourg-Saint-Honoré /$ctextes réunis par Béatrice de Andia et Dominique Fernandès ; avec la collaboration de Christian Baulez ... [et al.].
260   $aParis :$bDélégation à l'action artistique de la ville de Paris,$c[1994]
300   $a430 p. :$bill. (some col.), plans ;$c29 cm.
440  0$aCollection Paris et son patrimoine
504   $aIncludes bibliographical references (p. 428-429).
651  0$aRue du Faubourg-Saint-Honoré (Paris, France)$xHistory.
651  0$aParis (France)$xHistory.
650  0$aCity planning$zFrance$zParis.
650  0$aMansions$zFrance$zParis$xHistory.
650  0$aCelebrities$zFrance$zParis$vBiography.
651  0$aParis (France)$xBuildings, structures, etc.$vPictorial works.
650  0$aStreet addresses$zFrance$zParis.
700 1 $aAndia, Béatrice de.
700 1 $aFernandès, Dominique.
700 1 $aBaulez, Christian.
710 2 $aDélégation à l'action artistique de la ville de Paris.
776 08$iOnline version:$tRue du Faubourg-Saint-Honoré.$dParis : Délégation à l'action artistique de la ville de Paris, [1994]$w(OCoLC)604168442
776 08$iOnline version:$tRue du Faubourg-Saint-Honoré.$dParis : Délégation à l'action artistique de la ville de Paris, [1994]$w(OCoLC)621533194
988   $a20020608
906   $0OCLC

