LEADER 00831cam a2200241Li 4500
001 005000717-3
005 20090712194627.0
008 860306s1966    enka     b    000 0 eng d
035 0 $aocm15008475
040   $aMNU$cMNU$dHFL
043   $ae-it---
110 2 $aHeim Gallery.
245 10$aItalian paintings and sculptures of the 17th and 18th centuries :$bsummer exhibition, 7th June-31st August.
260   $aLondon :$bHeim Gallery,$c1966.
300   $a25, [38] p. :$b80 ill. ;$c25 cm.
490 0 $a[Heim exhibition catalogues ; no. 1]
504   $aIncludes bibliographical references.
650  0$aArt, Modern$y17th century$zItaly$xExhibitions.
650  0$aArt, Modern$y18th century$zItaly$xExhibitions.
650  0$aArt, Italian$vExhibitions.
650  0$aSculpture, Italian$xCatalogs.
988   $a20020608
906   $0OCLC

