LEADER 00649nam a22002297  4500
001 005000718-1
005 00000000000000.0
008 861226s1960    fr           i000 0 eng d
035 0 $aocm15013905
040   $aWAU$cWAU$dHBS
043   $ae------
110 2 $aEuropean Productivity Agency.
245 10$aVocational training in the footwear industry;$creport by Louis Rama.
260   $a[Paris]$c1960.
300   $a185 p.
500   $aEPA Project no.5/10-I.
500   $aCorrigendum sheet inserted.
650  0$aEmployees$xTraining of.
650  0$aLeather industry and trade$zEurope.
700 1 $aRama, Louis.
988   $a20020608
906   $0OCLC

