LEADER 02783aam a2200313 a 4500
001 005000719-X
005 20020606095253.2
008 940512s1993    ii a     b    011 0 eng c
010   $a   94900593 
020   $a8121003253 :$cRs590.00
035 0 $aocm30510765
040   $aDLC/CU$cCU
042   $alcode$alcnccp
043   $aa-ii---
050 14$aDS430$b.P46 1993
245 00$aPeople of India :$bbio-cultural dimensions : a K.S. Singh festschrift /$cedited by S.B. Roy and Asok K. Ghosh.
260   $aNew Delhi, India :$bInter-India Publications,$c1993.
300   $a456 p. :$bill. ;$c25 cm.
504   $aIncludes bibliographical references and index.
505 00$tPeople of India /$rAsok K. Ghosh and Sutapa Ghosh --$tHeath-fitness assessment /$rIndera P. Singh --$tRelevance of physical anthropological knowledge /$rB.M. Das --$tGenetic and genetico environmental determinants of tribal health /$rV. Rami Reddy --$tA serological profile of the people of Haryana /$rJ.R. Gaur and V. Bhalla --$tA biological profile of the Assamese Muslim of Dibrugarh, Upper Assam /$rFarida Ahmed Das --$tThe people of Manipur Valley /$rK. Saratchandra Singh --$tPolitical culture of scheduled castes and tribes /$rSachchidananda --$tEmerging patterns of Indian peasantry /$rR.K. Bhattacharya --$tThe Baiga /$rShalina Mehta --$tWestern Orissa /$rS.N. Ratha --$tSocial formations in North-East India /$rAnanda C. Bhagabati
505 00$tEcology, culture and social disorganisation /$rR.M. Sarkar --$tDimensions of the Naga culture and change /$rB.B. Goswami --$tThe Totos /$rA.K. Das and S.K. Basu --$tOld age in tribal society /$rS.K. Biswas --$tImaging Mithila /$rHetukar Jha --$tResource utilisation and population growth amongst the Malaiali of Javadhi Hills in Tamil Nadu /$rXavier Raj --$tA small tribe in the Eastern Himalayas /$rR.K. Kar --$tThe Assamese Sikhs /$rA.N.M. Irshad Ali and Birinchi K. Medhi --$tCrime and culture among the Harin Shikaris /$rN.K. Kadetotad and A.S. Inamdar --$tTransition in basic economy /$rH.C. Sharma, A.A. Ashraf and P.G. Chatterjee --$tPopulation, eco-system and the environment /$rB.D. Misra --$tEcological organisation of the Indian society /$rMadhav Gadgil --$tPeople's participation /$rDebal Deb and Kailash C. Malhotra --$tPeople for forest protection /$rS.B. Roy and Mitali Chatterjee --$tPeople of India and anthropological survey of India /$rBiman Kumar Das Gupta --$tExploring cultural diversity of the people of India /$rN.V. Joshi, Madhav Gadgil and Suresh Patil.
650  0$aEthnology$zIndia.
650  0$aAnthropology$zIndia.
651  0$aIndia$xSocial life and customs.
700 1 $aSingh, K. Suresh$q(Kumar Suresh),$d1935-
700 1 $aRoy, S. B.
700 1 $aGhosh, Asok K.,$d1934-
988   $a20020608
906   $0OCLC

