LEADER 01144nam a2200301Ia 4500
001 005000720-3
005 20121109185337.0
008 870109s1909    it a          000 0 fre d
035 0 $aocm15048541
040   $aVVC$cVVC$dHFL
042   $ascipio
050  4$aN5273.2.F47$bC37 1909
245 00$aCatalogue de la vente aprés décés de Mr. Joachim Ferroni.
260   $aRome :$bImprimerie de lʻUnione Cooperativa Editrice,$c1909.
300   $a73 p., [79] p. of plates :$bill. ;$c34 cm.
518   $aPlace of sale: Rome.
500   $a"Maisons de ventes Jandolo et Tavazzi - Galerie Sangiorgi" -- t.p.
500   $a"La vente aura lieu à Rome du 14 au 22 Avril 1909."
500   $aPriced.
650  0$aArt$vCatalogs.
653   $aFerroni, Joachim.
600 10$aFerroni, Gioacchino$xArt collections$xCatalogs.
655  7$aAuction catalogs.$2aat
710 2 $aGalerie Sangiorgi.
710 2 $aSangiorgi$d(April 14-22, 1909)
776 08$iOnline version:$tCatalogue de la vente aprés décés de Mr. Joachim Ferroni.$dRome : Imprimerie de lʻUnione Cooperativa Editrice, 1909$w(OCoLC)747117766
988   $a20020608
906   $0OCLC

