LEADER 00731nam a2200205K  4500
001 005000721-1
005 20020606095253.2
008 870109s1966    fr a          000 0 fre d
035 0 $aocm15052947
040   $aAUM$cAUM$dHFL
110 2 $aMusée de Grenoble.
245 10$aClimat 1966.$bGrenoble, Musée de peinture et de sculpture, juillet-août-septembre 1966.$c[Préface par Gabrielle Kueny]
260   $aGrenoble,$bMusée de peinture et de sculpture,$c1966.
300   $a32 p.$billus.$c23 cm.
500   $aAt head of title: Exposition.
500   $a"Ce catalogue tiré à 400 exemplaires ... a été préparé par Gabrielle Kueny."
650  0$aArt$xExhibitions.
700 1 $aKueny, Gabrielle.
988   $a20020608
906   $0OCLC

