LEADER 00596nas a2200205K  4500
001 005000722-X
005 20020606095253.2
008 870113d19561958lu ar         0    0fre d
035 0 $aocm15063365
040   $aGUA$cGUA$dHLS
090   $aHD9525.A2$bE821
110 2 $aEuropean Coal and Steel Community.$bCommon Assembly.
245 00$aAnnuaire-manuel.
260   $aLuxembourg.
300   $a3 v.
362 0 $a1956-58.
550   $aIssued by the Assembly's Division des études et de la documentation.
785 02$aEuropean Parliamentary Assembly.$tAnnuaire-manuel
988   $a20020608
906   $0OCLC

