LEADER 00587nas a2200205K  4500
001 005000723-8
005 20020606095253.2
008 870113d19531954fr uu         0    0fre d
035 0 $aocm15063555
040   $aGUA$cGUA$dHLS
090   $aHD9525.A2$bE827
110 2 $aEuropean Coal and Steel Community.$bCommon Assembly.
245 00$aDocuments de séance.
260   $aStrausbourg.
300   $a2 v.
362 0 $a1953-54?
580   $aContinued as part of European Parliamentary Assembly document series.
610 20$aEuropean Coal and Steel Community.
988   $a20020608
906   $0OCLC

