LEADER 00753nas a2200241K  4500
001 005000724-6
005 20020606095253.2
008 870113u19539999lu uu         0    0fre d
035 0 $aocm15063616
040   $aGUA$cGUA$dHLS
041 0 $afreita
090   $aHD9525.A2$bE84
110 2 $aEuropean Coal and Steel Community.$bHigh Authority.
245 10$aExposé sur la situation de la Communauté.
260   $a[Luxembourg?$bService des publications de la Communauté]
300   $av.
362 0 $a1953-
490 1 $aIts Doc.$v3, 1953-1954-
546   $aIssued also in Italian.
610 20$aEuropean Coal and Steel Community.
810 2 $aEuropean Coal and Steel Community.$bHigh Authority.$tDoc.$v3, 1953-1954-
988   $a20020608
906   $0OCLC

