LEADER 01149nam a2200265 a 4500
001 005000725-4
005 00000000000000.0
008 870113s1918    dcu          f000 0 eng d
010   $a   18026838 
035 0 $aocm15067632
040   $aDLC$cRQE$dRQE$dHBS$dHMM
050 0 $aHD8039.S42$bU634
100 1 $aFuruseth, Andrew,$d1854-1938.
245 10$aAmerican sea power and the Seamen's act :$barticle on the American sea power and the Seamen's act /$cby Andrew Furuseth.
260   $aWashington, D.C. :$bG.P.O.,$c1918.
300   $a32 p. ;$c31 cm.
490 1 $a65th Congress, 2d sess. Senate. Doc. ;$vno. 228
500   $a"Presented by Mr. Fletcher. Referred to the Committee on printing April 16, 1918."
650  0$aMerchant marine$zUnited States$xManning of vessels.
650  0$aSailors$zUnited States.
830  0$aSenate document (United States. Congress. Senate) ;$v65th Congress, no. 228.
830  0$aHarvard social history/business preservation microfilm project.$nProject 3 ;$v30332.$5mmf
830  0$aHarvard social history/business preservation microfilm project.$nProject 3 ;$v30332.$5mmf
988   $a20020608
906   $0DLC

