LEADER 01208nam a2200229Ia 4500
001 005000726-2
005 20020606095253.2
008 870203s1866    meu           000 1 eng d
035 0 $aocm15146699
040   $aCBY$cCBY$dHLS
043   $an-us-me
050  4$aPS1749.G47$bF4 1866
090   $aPS1749.G47$bF4 1866
100 1 $aGoddard, Henry,$d1785-1871.
245 12$aA few of the very many miscellaneous articles in poetry and prose /$cwritten by Henry Goddard.
260   $aPortland, [Me.] :$bPress of B. Thurston and Co.,$c1866.
300   $a43 p. ;$c23 cm.
505 0 $aEarth's final destiny: its closing scenes -- Speech. Made on the eve of the election of President Jackson, to a crowded audience of both sexes, in the Second Parish Church, Portland -- Thoughts on happiness -- Great railroad meeting, Wednesday, June 11, 1845 -- Missionary hymn, written 1846 -- Lines suggested as the possible strain of the Lord's hymn, sung when in near view of the Crucifixion -- A lover's poem -- A word from the aged to the present ruling party in the land.
650  0$aPoets, American$zMaine.
650  0$aImprints (Publishers' and printers' statements)$zMaine$zPortland.
988   $a20020608
906   $0OCLC

