LEADER 01042nam a2200205K  4500
001 005000727-0
005 20020606095253.2
008 870219s1700    stk      c    000 0 eng d
035 0 $aocm15212497
040   $aCLU$cCLU$dHHG
090   $aF2281.D2$bF9
245 02$aA full and exact collection of all the considerable addresses, memorials, petitions ...$brelating to the Company of Scotland Trading to Africa and the Indies, since the passing of the Act of Parliament, by which the said company was established in June 1695, till November 1700. Together with a short preface (including the Act itself) as also a table of the whole contents ...
260   $a[Edinburgh?]$c1700.
300   $a[2], 144, [8] p.$c18 cm.
500   $aConcerns the Scots' colony at Darien.
500   $a"A catalogue of the several books and pamphlets ... concerning the Indian and African Company of Scotland": p. [7]-[8] at end.
610 20$aCompany of Scotland Trading to Africa and the Indies.
651  0$aNew Caledonia (Colony)
988   $a20020608
906   $0OCLC

