LEADER 01310cam a2200301 a 4500
001 005000728-9
005 20020606095253.2
008 870128s1975    gs acf   b    001 0 geoo 
010   $a   86155766 /NE/r91
035 0 $aocm15223873
040   $aDLC$cDLC$dHLS
050 00$aPK9169.R83$bG34 1975
100 1 $aGagniże, Jumber.
245 10$aVepʻxistqaosanis ungruli tʻargmanebi /$cJumber Gagniże.
246 3 $aVengerskie perevody "Viti͡azi͡a v barsovoĭ shkure."
246 3 $aMagyarnyelvű Rusztaveli-forditások.
260   $aTʻbilisi :$b"Mecʻniereba",$c1975.
300   $a91 p., [4] p. of plates :$bill., port. ;$c22 cm.
500   $aIn Georgian.
500   $aTitles on added t.p.: Vengerskie perevody "Viti͡azi͡a v barsovoĭ shkure"; A magyarnyelvű Rusztaveli-forditások.
500   $aOn leaf preceding t.p.: Sakʻartʻvelos SSR mecʻnierebatʻa akademia. Šotʻ a Rustʻavelis saxelobis kʻartʻuli literaturis instituti.
500   $aIncludes index.
504   $aBibliography: p. 86-87.
600 10$aRustaveli, Shota,$dactive 12th century-13th century.$tVepʻxistqaosani.
600 10$aRustaveli, Shota,$dactive 12th century-13th century$xTranslations into Hungarian$xHistory and criticism.
655  7$aCriticism, interpretation, etc.$2fast
988   $a20020608
906   $0DLC

