LEADER 01003cam a2200265 a 4500
001 005000729-7
005 20024617103528.0
008 870223r19691933ch b          000 0 chi d
035 0 $aocm15228797
040   $aOU$cOU$dOCoLC$dMH-HY$dCStRLIN
245 00$6880-01$aYunnan bei jie kan cha ji :$b[8 juan] /$cYin Deming [i.e. Mingde] deng zhuan.
260   $6880-02$a[Taibei] :$bHua wen shu ju,$c[1969]
300   $a376 p. :$bmap ;$c21 cm.
490 1 $6880-03$aZhonghua wen shi cong shu. Di 13 ji ;$v111
500   $aOriginally published: 1933.
651  0$aYunnan Sheng (China)$xBoundaries.
700 1 $6880-04$aYin, Mingde.
880 00$6245-01$a雲南北界勘察記 :$b[8卷] /$c尹徳明[i.e. 明德]等撰.
880   $6260-02$a[台北] :$b華文書局,$c[1969]
880 1 $6490-03$a中華文史叢書. 第13輯 ;$v111
880 1 $6700-04$a尹明徳.
830  0$6880-05$aZhonghua wen shi cong shu ;$v111.
880  0$6830-05$a中華文史叢書 ;$v111.
988   $a20021127
906   $0OCLC

