LEADER 00666cas a2200217K  4500
001 005000730-0
005 20020606095253.2
008 870223c19389999cauuu p       0    0eng d
010   $a   49034788 //r
035 0 $aocm15229846
035 0 $aocm15229846$zocm01771959
040   $aDPL$cDPL$dOCL$dHLS
245 00$aEugenics pamphlets.
260   $aSacramento, Calif.$bEugenics Society of Northern California.
300   $av.$billus., diagrs.$c23 cm.
362 0 $ano. 12- 1938-
515   $aNo. 1-11 never published.
550   $aPublished by Eugenics Society of Northern California and successor.
650  0$aEugenics$vPeriodicals.
988   $a20020608
906   $0OCLC

