LEADER 00939cam a2200265 a 4500
001 005000731-9
005 20024617103528.0
008 870227r19691810ch            000 0 chird
035 0 $aocm15249605
040   $aOU$cOU$dOCoLC$dMH-HY$dCStRLIN
245 00$6880-01$aDian nan za zhi :$b[24 juan] /$cCao Shuqiao bian.
260   $6880-02$a[Taipei] :$bHua wen shu ju,$c[1969]
300   $a2 v. (870 p.) ;$c21 cm.
490 1 $6880-03$aZhonghua wen shi cong shu. Di 13 ji ;$v110
500   $aOriginally published: 1810.
651  0$aYunnan Sheng (China)
700 1 $6880-04$aCao, Shuqiao.
880 00$6245-01$a滇南雜志 :$b[24卷] /$c曹樹翹編.
880   $6260-02$a[Taipei] :$b華文書局,$c[1969]
880 1 $6490-03$a中華文史叢書. 第13輯 ;$v110
880 1 $6700-04$a曹樹翹.
830  0$6880-05$aZhonghua wen shi cong shu ;$v110.
880  0$6830-05$a中華文史叢書 ;$v110.
988   $a20021127
906   $0OCLC

