LEADER 00753nam a2200229Ia 4500
001 005000732-7
005 20020606095253.2
008 870305s1937    fr            001 0 fre d
035 0 $aocm15274884
040   $aLRL$cLRL$dHVL
043   $ae-fr---
050  4$aKJV8258$b.M44
090   $aKJV8258$b.M44
100 1 $aMellor, Alec.
245 13$aLe chantage dans les moeurs modernes et devant la loi /$cpar Alec Mellor ; préface de Maurice Garçon.
260   $aParis :$bLibrairie du Recueil Sirey,$c1937.
300   $axi, 359 p. ;$c23 cm.
490 0 $aNouvelle collection de l'Institut de criminologie de l'Université de Vabres ;$v5
504   $aIncludes bibliographical references.
650  0$aExtortion$zFrance.
988   $a20020608
906   $0OCLC

