LEADER 00642nam a2200205K  4500
001 005000733-5
005 20020606095253.2
008 870316s1965    gw a     bc   000 0 ger d
035 0 $aocm15324035
040   $aTRN$cTRN$dHFL
110 2 $aHeidelberger Kunstverein.
245 10$aMalerei der Gegenwart aus China, 4. Juli bis 15. August 1965.
260   $a[Heidelberg,$c1965]
300   $a1 v. (unpaged)$billus.$c21 cm.
500   $aBearbeitung des Katalogs: Käte Finsterbusch, Dietrich Seskel.
504   $aIncludes bibliography.
650  0$aPainting, Chinese$vExhibitions.
700 1 $aFinsterbusch, Käte.
988   $a20020608
906   $0OCLC

