LEADER 01032cam a2200289 a 4500
001 005000734-3
005 20024617103528.0
008 850521s1984    cc a     s    000 0 chi  
010   $a85146857 /ACN
020   $cRMBY1.15
035 0 $aocm15406750
040   $aDLC$cDLC$dMH-HY$dCStRLIN
043   $aa-cc-hh
050 0 $aHA4637.H86$bC46 1984
245 00$6880-01$aQian jin zhong di Hubei /$cHubei sheng tong ji ju bian.
250   $6880-02$aDi 1 ban.
260   $6880-03$a[Wuhan shi] :$bHubei ren min chu ban she :$bHubei sheng xin hua shu dian fa xing,$c1984.
300   $a32, 84 p. :$bcol. ill. ;$c19 cm.
500   $aXerox copy.
651  0$aHubei Sheng (China)$vStatistics.
710 1 $6880-04$aHubei Sheng (China).$bTong ji ju.
880 00$6245-01$a前进中的湖北 /$c湖北省统计局编.
880   $6250-02$a第1版.
880   $6260-03$a[武汉市] :$b湖北人民出版社 :$b湖北省新華書店发行,$c1984.
880 1 $6710-04$aHubei Sheng (China).$b统计局.
988   $a20021127
906   $0DLC

