LEADER 01227cam a2200337 a 4500
001 005000735-1
005 20024617115255.0
008 851009s1985    ja       bc   000 0 jpn  
010   $a85149276 /AJ
035 0 $aocm15417629
040   $aDLC$cDLC$dMH-HY$dCStRLIN
043   $aa-ja---
050 0 $aZ955.T589$bT64 1985
245 00$6880-01$aTokugawa Bakufu zōshomoku /$cOgawa Takehiko, Kanai Yasushi hen.
260   $6880-02$aTōkyō :$bYumani Shobō,$cShōwa 60 [1985]
300   $a10 v. ;$c22 cm.
440  0$6880-03$aShoshi shomoku shirīzu ;$v16
500   $aPhotoreproduction.
610 20$6880-04$aMomijiyama Bunko$vCatalogs.
610 20$6880-05$aKokuritsu Kōbunshokan.$bNaikaku Bunko$vCatalogs.
700 1 $6880-06$aOgawa, Takehiko,$d1944-
700 1 $6880-07$aKanai, Yasushi.
880 00$6245-01$a徳川幕府蔵書目 /$c小川武彦, 金井康編.
880   $6260-02$a東京 :$bゆまに書房,$c昭和60 [1985]
880  0$6440-03$a書誌書目シリーズ ;$v16
880 20$6610-04$a紅葉山文庫$vCatalogs.
880 20$6610-05$a国立公文書館.$b内閣文庫$vCatalogs.
880 1 $6700-06$a小川武彦,$d1944-
880 1 $6700-07$a金井康.
988   $a20021127
906   $0DLC

