LEADER 01346cam a2200385 a 4500
001 005000736-X
005 20024617103528.0
008 841018r1978    ch            000 0achi  
010   $a84201572 /ACN
035 0 $aocm15419794
040   $aDLC$cDLC$dMH-HY$dCStRLIN
041 1 $achifre
043   $aai-----
050 0 $aDS534$b.G225 1978
100 1 $aGarnier, Francis,$d1839-1873.
245 10$6880-01$aJianpuzhai yi bei tan lu ji :$b[15 juan] /$cHuangxishi Jiani zhuan ; Ding Richang du yi.
250   $6880-02$aChu ban.
260   $6880-03$aTaibei Shi :$bGuang wen shu ju,$cmin guo 67 [1978]
300   $a4 v. (6, 1228 p.) ;$c22 cm.
440  0$6880-04$aShi liao qi bian
500   $6880-05$aRunning title: Tan lu ji.
500   $aReprint.
651  0$aIndochina$xDescription and travel.
600 10$aGarnier, Francis,$d1839-1873$xJourneys.
700 1 $6880-06$aDing, Richang,$d1823-1882.
740 0 $6880-07$aTan lu ji.
880 10$6245-01$a柬埔寨以北探路記 :$b[15卷] /$c晃西士加尼撰; 丁日昌督譯.
880   $6250-02$a初版.
880   $6260-03$a台北市 :$b廣文書局,$c民國67 [1978]
880  0$6440-04$a史料七編
880   $6500-05$aRunning title: 探路記.
880 1 $6700-06$a丁日昌,$d1823-1882.
880 0 $6740-07$a探路記.
988   $a20021127
906   $0DLC

