LEADER 00856nam a2200265 a 4500
001 005000737-8
005 20024617123543.0
008 850926m19739999ko a     b    000 0 kor  
010   $a75825007 /AK
020   $cW2000 (varies for each vol.)
035 0 $aocm15428966
040   $aDLC$cDLC$dMH-HY$dCStRLIN
043   $aa-kr---
050 0 $aBR1325$b.O15 1973
100 1 $6880-01$aO, Yun-tʻae,$d1908-
245 10$6880-02$aHanʾguk Kidokkyosa /$cchŏja O Yun-tʻae.
260   $6880-03$a[Seoul] :$bHyesŏn Munhwasa,$c1973-<1983 >
300   $av. <1, 3-4, > :$bill. ;$c22 cm.
504   $aIncludes bibliographies.
651  0$aKorea$xChurch history.
880 1 $6100-01$a吳允台,$d1908-
880 10$6245-02$a韓國基督敎史 /$c著者吳允台.
880   $6260-03$a[Seoul] :$b惠宣文化社,$c1973-<1983 >
988   $a20021207
906   $0DLC

