LEADER 00753nam a2200205K  4500
001 005000738-6
005 20021025133001.0
008 870403s1666    enk           000 0 eng d
035 0 $aocm15484036
040   $aCLU$cCLU$dHHG
100 1 $aVernon, John,$dactive 1666.
245 04$aThe compleat scholler; or, A relation of the life, and latter-end especially, of Caleb Vernon ...$bCommending to youth the most excellent knowledge of Christ Jesus the Lord.
250   $aThe second edition ...
260   $aLondon,$bPrinted for J.W. & W.S.,$c1666.
300   $a88 p. ;$c14 cm.
500   $a"Errata": verso of 1st prelim. leaf.
500   $a"The preface to parents of children" is signed: J.V.
752   $aEngland$dLondon.
988   $a20020608
906   $0OCLC

