LEADER 00680cam a2200241 a 4500
001 005000739-4
005 20060302100426.0
008 860211s1966    it       b    000 0 ita  
010   $a   86116696 //r87
035 0 $aocm15486101
040   $aDLC$cDLC$dHLS
043   $ae-it---
050 0 $aDG572$b.G498 1966
100 1 $aGiovana, Mario.
245 13$aLe nuove camicie nere /$cMario Giovana.
260   $aTorino :$bDell'albero,$cc1966.
300   $a135 p. ;$c20 cm.
440  2$aI radar ;$v2
504   $aBibliography: p. 133-134.
650  0$aFascism$zItaly$xHistory$y20th century.
651  0$aItaly$xPolitics and government$y1945-1976.
988   $a20020608
906   $0DLC

