LEADER 01341nam a2200265K  4500
001 005000740-8
005 20090712194628.0
008 870407s1701    enk      d    000 0 eng d
035 0 $aocm15495813
040   $aCLU$cCLU$dHHG
041 0 $aengpor
090   $aPC5333$b.C73
245 02$aA compleat account of the Portugueze language.$bBeing a copious dictionary of English with Portugueze, and Portugueze with English. Together with an easie and unerring method of its pronunciation, by a distinguishing accent, and a compendium of all the necessary rules of construction and orthography digested into a grammatical form. To which is subjoined by way of appendix their usual manner of correspondence by writing ...$cBy A.J.
260   $aLondon:$bPrinted by R. Janeway, for the author,$c1701.
300   $a[433] p.$c32 cm.
500   $aFirst edition.
500   $aSignatures: 1 leaf unsigned, A-Z², Aa-Zz², Aaa-Ccc², Aa-Zz², Aaa-Zzz², Aaaa-Kkkk², Ddd-Fff², (Fff₁ incorrectly signed Ff; Fff₂, wanting, supplied in manuscript)
500   $aTitle in black and red within double line border.
650  0$aEnglish language$vDictionaries$xPortuguese.
650  0$aPortuguese language$vDictionaries$xEnglish.
650  0$aPortuguese language$xGrammar.
700 1 $aJ., A.
700 0 $aA. J.
988   $a20020608
906   $0OCLC

