LEADER 00669nam a2200217Ia 4500
001 005000741-6
005 20020606095253.2
008 870413s1931    fr            000 0 fre d
035 0 $aocm15523284
040   $aLRL$cLRL$dHVL
043   $ae-fr---
050  4$aKJV2283.I55$bT6
090   $aKJV2283.I55$bT6
100 1 $aToulemon, André.
245 13$aLa spéculation illicite :$b(loi du 3 décembre 1926 modifiant les articles 419 et 420 du code penal) /$cpar André Toulemon.
260   $aParis :$bJ. Peyronnet,$c1931.
300   $a174 p. ;$c19 cm.
504   $aIncludes bibliographical references.
650  0$aSpeculation$zFrance.
988   $a20020608
906   $0OCLC

