LEADER 00592nam a2200205K  4500
001 005000742-4
005 20020606095253.2
008 870417s1959    it            000 0 ita d
035 0 $aocm15547472
040   $aLRU$cLRU$dHFL
100 1 $aFerrero, Giuseppe Guido.
245 04$aLa "Vita" di Benvenuto Cellini.
260   $aTorino,$bGheroni$c[1959]
300   $a1 p. ℓ., 35 p.$c24 cm.
490 0 $aUniversità degli studi. Facoltà di magistero.
500   $aAnno accademico 1958-1959.
500   $aMimeographed.
600 10$aCellini, Benvenuto,$d1500-1571.
988   $a20020608
906   $0OCLC

