LEADER 01114nam a2200241 a 4500
001 005000743-2
005 00000000000000.0
008 870421s1953    dcu          f000 0 eng d
035 0 $aocm15558515
040   $aMUU$cMUU$dHBS
100 1 $aShudde, Louis O.
245 10$aEstimated amount of life insurance in force as survivor benefits under Social Security Act Amendments of 1952 /$cLouis O. Shudde.
246 3 $aSocial Security Act Amendments of 1952
260   $a[Washington] :$bU.S. Department of Health, Education, and Welfare, Social Security Administration, Division of the Actuary,$c[1953].
300   $a18 p. ;$c26 cm.
490 1 $aActuarial study / U.S. Social Security Administration, Division of the Actuary ;$vno. 37
500   $a"August 1953."
650  0$aLife insurance$zUnited States$vStatistics.
650  0$aSurvivors' benefits$zUnited States$vStatistics.
710 1 $aUnited States.$bSocial Security Administration.$bDivision of the Actuary.
830  0$aActuarial study (United States. Social Security Administration. Office of the Actuary) ;$vno. 37.
988   $a20020608
906   $0OCLC

