LEADER 01067nam a2200265 a 4500
001 005000744-0
005 20120815094945.0
008 870422s1918    dcu          f000 0 eng d
010   $a   18026106 
035 0 $aocm15577768
040   $aDLC$cTRN$dTRN$dHBS$dHMM
043   $an-us---
050 0 $aSF257$b.U7 1918
110 2 $aUnited States Food Administration.$bMilk Committee.
245 14$aThe production, distribution and food value of milk :$ba report to Herbert C. Hoover, United States Food Administrator /$cby the Milk Committee.
260   $aWashington, D.C. :$bG.P.O.,$c1918.
300   $a41 p. ;$c25 cm.
650  0$aMilk supply$zUnited States.
650  0$aMilk trade$zUnited States.
650  0$aWorld War, 1914-1918$xFood supply$zUnited States.
700 1 $aKing, Clyde L.$q(Clyde Lyndon),$d1879-1937.
830  0$aHarvard social history/business preservation microfilm project.$nProject 3 ;$v30228.$5mmf
830  0$aHarvard social history/business preservation microfilm project.$nProject 3 ;$v30228.$5mmf
988   $a20020608
906   $0DLC

