LEADER 00642nam a2200229I  4500
001 005000745-9
005 20020606095253.2
008 870422s1912    enk           000 0 eng c
010   $aa  13000705 
035 0 $aocm15577910
040   $aMass. Agr. College$cTRN$dTRN$dHLS
043   $ae-uk-en
050  4$aS521$b.P3
090   $aS521$b.P3
100 1 $aParry, Ernest Gambier,$d1853-1936.
245 10$aAllegories of the land,$bby Major Gambier-Parry.
260   $aLondon,$bSmith, Elder and Co.,$c1912.
300   $a344 p.$c21 cm.
650  0$aCountry life.
651  0$aEngland$xSocial life and customs.
988   $a20020608
906   $0OCLC

