LEADER 00538cam a2200193K  4500
001 005000746-7
005 20020606095253.2
008 870428s1970    ru            000 0 rus d
010   $a   74553527 
035 0 $aocm15602004
040   $aGUA$cGUA$dCFS$dHLS
090   $aPG3283$b.G57
245 00$aGod za godom.$cRasskazy [opublikovanye v zhurnale "Sovetskiĭ voĭn"]
260   $aMoskva,$bVoennoe izd-vo,$c1970.
300   $a334 p.$c21 cm.
650  0$aShort stories, Russian.
730 0 $aSovetskiĭ voĭn.
988   $a20020608
906   $0OCLC

