LEADER 01010cam a2200277 a 4500
001 005000747-5
005 20020128133729.0
008 870429s1933    dcuab    b   f000 0 eng d
035 0 $aocm15607896
040   $aRQF$cRQF$dAGL$dHBS
043   $an-us---
072   $aP110$aN200
100 1 $aHurst, W. M.$q(Wilbur Magruder),$d1898-
245 10$aPower and machinery in agriculture /$cby W.M. Hurst and L.M. Church.
260   $aWashington, D.C. :$bU.S. Dept. of Agriculture,$c1933.
300   $a39 p. :$bill., maps ;$c23 cm.
490 1 $aMiscellaneous publication / United States Department of Agriculture ;$vno. 157
500   $aCaption title.
500   $a"April, 1933."
504   $aBibliography: p. 37-38.
650  0$aAgricultural machinery$zUnited States.
650  0$aAgriculture and energy$zUnited States.
700 1 $aChurch, L. M.$q(Lillian M.),$d1872-1939.
830  0$aMiscellaneous publication (United States. Department of Agriculture) ;$vno. 157.
988   $a20020608
906   $0OCLC

