LEADER 00643caa a2200205K  4500
001 005000748-3
005 20020606095253.2
008 870430s1938    xx            000 0 ita d
035 0 $aocm15613792
040   $aCFI$cCFI$dHMZ
090   $axx
100 1 $aCocco, Anastasio,$d1799-1854.
245 10$aSu di alcuni salmonidi del mare di Messina.$hMicroform$cLettera del Prof. Anastasio Cocco al Ch. D. Carlo Luciano Bonaparte.
260   $aMessina,$c1838.
300   $a34 p.
650  0$aSalmon.
700 1 $aBonaparte, Charles Lucian,$d1803-1857.
773 0 $tNuov. annali sci. nat.$gii. 161-194. Bologna. 1838.
988   $a20020608
906   $0OCLC

