LEADER 00925cam a2200253 a 4500
001 005000749-1
005 20080627213700.0
008 870505s1938    dcua         f000 0 eng d
035 0 $aocm15636523
040   $aRQF$cRQF$dAGL$dHBS
043   $an-us---
072   $aE700$aQ004$aD500
245 04$aThe Service of federal grain standards /$c[by the Bureau of Agricultural Economics].
246 3 $aFederal grain standards
260   $aWashington, D.C. :$bU.S. Dept. of Agriculture,$c1938.
300   $a18 p. :$bill. ;$c23 cm.
490 1 $aMiscellaneous publication / United States Department of Agriculture ;$vno. 328
500   $aCover title.
500   $a"Issued December 1938."
650  0$aGrain$xStandards$zUnited States.
710 1 $aUnited States.$bBureau of Agricultural Economics.
830  0$aMiscellaneous publication (United States. Department of Agriculture) ;$vno. 328.
988   $a20020608
906   $0OCLC

