LEADER 01183nam a2200301K  4500
001 005000750-5
005 20020606095253.2
008 870515s1692    enk           000 0 eng d
035 0 $aocm15689551
040   $aCLU$cCLU$dHHG
090   $aPR3359.C42$bM6 1692
100 1 $aColvil, Samuel.
245 14$aThe Scotch Hudibras: or, A mock poem ...$cCorrected and amended, with additions and alterations.
246 3 $aMock poem.
260   $aLondon,$bPrinted by T.B. and are to be sold by Randal Taylor ...$c1692.
300   $a2 pt. in 1 v.$c16 cm.
500   $aSignatures: A-M⁸.
500   $aPages 16-17, pt. 1, incorrectly numbered 14-15.
500   $aTitle within double line border.
500   $aAn imitation of Butler's Hudibras.
500   $a"The preface to the reader" signed: S.C.
500   $aPts. i and ii have continuous signatures.
500   $a"The author's apology to the reader" is signed: S.C.
500   $aAlso published under the titles, "Mock poem or Whiggs supplication, 1681", and "Whiggs supplication, a mock poem, 1695."
650  0$aCovenanters$vPoetry.
700 1 $aButler, Samuel,$d1612-1680.$tHudibras.
988   $a20020608
906   $0OCLC

