LEADER 01083cam a2200301 a 4500
001 005000751-3
005 20024617103528.0
008 870515r19691908ch       b    000 0 chi d
035 0 $aocm15692571
040   $aOU$cOU$dOCoLC$dMH-HY$dCStRLIN
041 1 $achi$hjpn
100 1 $6880-01$aYamagata, Hatsuo.
245 10$6880-02$aXizang tong lan /$cShanxian Chunan bian zhu.
260   $6880-03$a[Taipei] :$bHua wen shu ju,$c[1969]
300   $a492 p. ;$c21 cm.
490 1 $6880-04$aZhonghua wen shi cong shu. Di 13 ji ;$v112
500   $6880-05$a"Guangxu 34 [1908] nian kan ben ying yin."
504   $aBibliography: p. 5-9.
651  0$aTibet Autonomous Region (China)
880 1 $6100-01$a山縣初男.
880 10$6245-02$a西藏通覽 /$c山縣初男編著.
880   $6260-03$a[Taipei] :$b華文書局,$c[1969]
880 1 $6490-04$a中華文史叢書. 第13輯 ;$v112
880   $6500-05$a"光緖34[1908]年刊本影印."
830  0$6880-06$aZhonghua wen shi cong shu ;$v112.
880  0$6830-06$a中華文史叢書 ;$v112.
988   $a20021127
906   $0OCLC

