LEADER 00550nam a2200169Ka 4500
001 005000752-1
005 20050608180520.0
008 870518s1946    po            000 0 por d
035 0 $aocm15700000
040   $aEQO$cEQO$dHFL
100 1 $aAndrade, Ferreira de,$d1910-1970.
245 10$aDo convento de Nossa Senhora de Jesus /$cFerreira de Andrade.
260   $aLisboa :$bEditorial Imperio,$c1946.
300   $a100 p.
505 0 $aA igreja de Jesus.-- A paroquial das Mercês.-- A capela dos Terceiros.-- O convento de Jesus.
988   $a20020608
906   $0OCLC

