LEADER 01442cam a2200373 a 4500
001 005000753-X
005 20080627213700.0
008 870519s1949    dcuab        f000 0 eng d
035 0 $aocm15710389
040   $aRQF$cRQF$dAGL$dHBS
043   $an-us---
050  4$aS21$b.A46 no. 692
072   $aE700$aQ004
100 1 $aCollier, G. A.
245 10$aGrain production and marketing /$c[by G.A. Collier].
260   $aWashington, D.C. :$bU.S. Dept. of Agriculture, Production and Marketing Administration,$c1949.
300   $a78 p. :$bill., maps ;$c23 cm.
490 1 $aMiscellaneous publication / United States Department of Agriculture ;$vno. 692
500   $aCover title.
500   $a"Issued October 1949."
505 0 $aIntroduction and distribution in the United States. pp. 1.
505 0 $aSeeding the grain crop. pp. 11.
505 0 $aCultivating grain crops. pp. 18.
505 0 $aHarvesting grain. pp. 19.
505 0 $aWhat farmers do with their grain. pp. 24.
505 0 $aGrain marketing at country elevators. pp. 33.
505 0 $aMarketing gran at terminal markets. pp. 46.
505 0 $aDisposition of United States grain supply. pp. 65.
505 0 $aUtilization of grain in production of commercial mixed feeds. pp. 77.
650  0$aGrain.
650  0$aGrain trade.
830  0$aMiscellaneous publication (United States. Department of Agriculture) ;$vno. 692.
988   $a20020608
906   $0OCLC

