LEADER 01188cam a2200337 i 4500
001 005000754-8
005 20020606095253.2
008 770205s1974    mbc      b    000 0 eng d
010   $acn 77005160 
015   $aC77-5160-X
020   $bpa. Processed.
035 0 $aocm15845378
040   $aNLC$beng$cNLC$dHLS
043   $an-us---$aa-pk---
082   $a333.9/1/00973
090   $aHT391$b.B75x
100 1 $aBrinser, Ayers.
245 10$aPlanning models for the public sector :$bthe development and allocation of economic services over time /$c[Ayers Brinser] ; compiled and edited by Nickel and M. Wallace.
260   $aWinnipeg :$bNatural Resource Institute, University of Manitoba,$c1974.
300   $a[24], 100 p. ;$c28 cm.
500   $aErrata slip laid in.
504   $aIncludes bibliographical references.
650  0$aWater resources development$zUnited States.
650  0$aAgriculture$zPakistan.
650  6$aRessources en eau$xExploitation$zEtats-Unis.
650  6$aAgriculture$zPakistan.
700 1 $aNickel, Paul E.
700 1 $aWallace, Marilyn.
710 2 $aUniversity of Manitoba.$bNatural Resource Institute.
988   $a20020608
906   $0OCLC

