LEADER 00591cam a2200193K  4500
001 005000755-6
005 20090712194628.0
008 870609s1899    sw            000 0 eng d
035 0 $aocm15867216
040   $aCFI$cCFI$dHMZ
090   $aQ64$b.S85 ser. 1, vol. 32, no. 7
100 1 $aCleve, P. T.$q(Per Teodor),$d1840-1905.
245 00$aPlankton-researches in 1897.
260   $aStockholm,$bP.A. Norstedt & Söner,$c1899.
300   $a33 p.
410 20$aKungl. Svenska vetenskapsakademien.$tHandlingar.$n1 ser.,$vbd. 32, no. 7
650  0$aPlankton research.
988   $a20020608
906   $0OCLC

