LEADER 01144nam a2200241 a 4500
001 005000756-4
005 20030724132320.0
008 861119s1696    enk           000 0 eng d
035 0 $aocm15929849
040   $aMNU$cMNU$dHHG
245 02$aA compleat history of the pretended Prince of Wales :$bfrom his supposed conception by the late abdicated qeen [!], to the fatal exit of his true mother Mrs. Mary Grey : wherein all the depositions of the witnesses procur'd by King James, are fairly stated and examined, and all that has been writ upon that subject consulted, in order to set the whole intrigue in its true light.
260   $aLondon :$b[s.n.],$c1696.
300   $a[2], 40 p. ;$c18 cm.
600 00$aJames,$cPrince of Wales,$d1688-1766.
600 10$aGrey, Mary.
655  7$aHollis bindings (Binding).$2rbbin
700 1 $aHollis, Thomas,$d1720-1774,$eformer owner.$5hou
700 1 $aDisney, John,$d1746-1816,$eformer owner.$5hou
700 1 $aHeber, Richard,$d1773-1833,$eformer owner.$5hou
700 1 $aHolford, George Lindsay,$cSir,$d1860-1926,$eformer owner.$5hou
752   $aEngland$dLondon.
988   $a20020608
906   $0OCLC

