LEADER 00871nam a2200205L  4500
001 005000757-2
005 20020606095253.2
008 861013s1679    enk           000 0 eng d
035 0 $aocm15930557
040   $aMNU$cMNU$dHHG
100 1 $aKirkby, Christopher.
245 12$aA compleat and true narrative of the manner of the discovery of the popish plot to His Majesty,$cby Mr. Christopher Kirkby. With a full answer to a late paphlet entituled <Reflections upon the Earl of Danby.> Relating to the murther of Sir Edmundbury Godfrey, in a letter to a friend.
260   $aLondon,$bPrinted and are to be sold by H. Million,$c1679.
300   $a2 p. l., 4 p.$c30 cm.
500   $aSigned at end: J.B.
600 10$aGodfrey, Edmund Berry,$cSir,$d1621-1678.
630 00$aSome reflections upon the Earl of Danby.
650  0$aPopish Plot, 1678.
988   $a20020608
906   $0OCLC

