LEADER 00993nam a2200265 a 4500
001 005000758-0
005 00000000000000.0
008 870622s1953    njua     b    000 0 eng d
035 0 $aocm16017026
040   $aSDB$cSDB$dHBS
043   $an-usc--
050  4$aHG2051.U6$bW4w
100 1 $aWestra, Tony L.
245 14$aThe western corn belt cattle feeder and his banker /$cby Tony L. Westra.
260   $aNew Brunswick, N.J. :$bRutgers University?,$c1953.
300   $avii, 91 leaves :$bill. ;$c29 cm.
500   $a"Submitted in partial fulfilment of the requirements of The Graduate School of Banking conducted by the American Bankers Association at Rutgers University."
504   $aBibliography: leaves 89-91.
650  0$aAgricultural credit$zMiddle West.
650  0$aMortgage banks$zMiddle West.
650  0$aCattle$xEconomic aspects.
650  0$aAgricultural credit$zNorth Central (U.S.)
650  0$aMortgage banks$zNorth Central (U.S.)
988   $a20020608
906   $0OCLC

