LEADER 00748nam a2200193K  4500
001 005000759-9
005 20020606095253.2
008 870623s1683    enk           000 0 eng d
035 0 $aocm16043238
040   $aCLU$cCLU$dHHG
245 00$aCompulsion of conscience condemned.$bWherein is plainly demonstrated how inconsistent it is with Scripture, the fundamental laws of England, and common equity, &c., Mat. 7. 12. Whatsoever ye would, that men should do to you, do ye even so to them ...$cBy T.H.
260   $aLondon,$bJ. How, and T. Knowles,$c1683.
300   $a[2], 45 (i.e. 43) p.$c20 cm.
500   $aNumbers 21 and 22 omitted in the paging.
500   $aWing H-131.
650  0$aConscience.
700 0 $aT. H.
988   $a20020608
906   $0OCLC

