LEADER 01346nam a2200229M  4500
001 005000760-2
005 20020606095253.2
008 850415s1744    enk           000 0 eng  
010   $a   38038552 
035 0 $aocm16111042
040   $aDLC$cPAU$dHVL
041 1 $aeng$hfre
100 2 $aLe Vayer de Boutigny,$cM.$q(Roland),$d1627-1685.
240 10$aTraité de la preuve par comparaison d'écritures.$lEnglish
245 12$aA dissertation shewing the invalidity of all proof by similitude of hands, in criminal cases.$bThe whole collected from the civil law and other distinguished authorities, founded on the principles of reason and equity, and digested with a clearness that suits it to all capacities.$cTranslated from the works of an eminent French civilian, and proper to be read by a free people at all times, but particularly the present, when a new species of treason, and that by way of correspondence, has been lately created, the extreme danger of which to the most innocent person living, is set forth at large in an ample preface by the translator ...
260   $aLondon,$bPrinted for M. Cooper,$c1744.
300   $axxvi, 82 p. ;$c21 cm. (8vo)
500   $aTranslation of Traité de la preuve par comparaison d'écritures.
650  0$aWriting$xIdentification.
650  0$aEvidence, Criminal.
988   $a20020608
906   $0DLC

