LEADER 00677cam a2200217La 4500
001 005000761-0
005 20020606095253.2
008 870601s1986    nju           000 0 eng d
035 0 $aocn612677673
035 0 $aocm16153785
040   $aPUL$cPUL$dHFL
100 1 $aRuskin, John,$d1819-1900.
245 10$aCatalogue of Ruskin exhibition in memory of Charles Eliot Norton :$bFogg Art Museum, 1909-1910.
260   $a[Cambridge, mass. :$bThe Museum,$c1909].
300   $a12 p. ;$c23 cm.
600 10$aRuskin, John,$d1819-1900$xExhibitions.
700 1 $aPope, Arthur.
700 1 $aNorton, Charles Eliot,$d1827-1908.
710 2 $aFogg Art Museum.
988   $a20020608
906   $0OCLC

