LEADER 00925nam a2200241Ia 4500
001 005000762-9
005 20020606095253.2
008 870716s1931    gw            001 0 ger d
035 0 $aocm16197110
040   $aXII$cXII$dHFL
100 1 $aHegel, Georg Wilhelm Friedrich,$d1770-1831.
245 14$aDie Idee und das Ideal /$cGeorg Wilhelm Friedrich Hegel ; nach den erhaltenen Quellen neu herausgegeben von Georg Lasson.
260   $aLeipzig :$bF. Meiner,$c1931.
300   $axvi, 397 p. ;$c20 cm.
490 0 $aSämtliche Werke / G. W. F. Hegel ;$vBd. 10a.
490 0 $aDer philosophischen Bibliothek ;$vBd. 164.
490 0 $aVorlesungen über die Ästhetik. Einleitung / G. W. F. Hegel.
500   $aIncludes index.
650  0$aAesthetics.
700 1 $aLasson, Georg,$d1862-1932.
800 1 $aHegel, Georg Wilhelm Friedrich,$d1770-1831.$tVorlesungen über die Ästhetik. Einleitung.
988   $a20020608
906   $0OCLC

