LEADER 00943nam a2200253Ia 4500
001 005000763-7
005 20020606095253.2
008 870728s1956    fr af    b    000 0 fre d
035 0 $aocm16308285
040   $aNJB$cNJB$dHMZ
043   $ae-fr---
090   $aQE832.C6$bC64 1956x
100 1 $aCoiffait, Henri.
245 14$aLes "Staphylinus" et genres voisins de France et des régions voisines :$bessai de paléobiogéographie /$cH. Coiffait.
260   $aParis :$bEditions du Muséum,$c1956.
300   $ap. [177]-224, 21 leaves of plates :$bill. ;$c27 cm.
490 1 $aMémoires du Muséum national d'histoire naturelle. Série A, Zoologie ;$vt. 8, fasc. 5
500   $aCover title.
504   $aBibliography: p. 223.
650  0$aBeetles, Fossil.
650  0$aBeetles$zFrance.
830  0$aMémoires du Muséum national d'histoire naturelle.$nSérie A,$pZoologie ;$vnouv. sér., t. 8, fasc. 5.
988   $a20020608
906   $0OCLC

