LEADER 00732cam a2200229 a 4500
001 005000764-5
005 00000000000000.0
008 870730s1952    dcuab    b   f000 0 eng d
035 0 $aocm16318256
040   $aRQF$cRQF$dAGL$dHBS
043   $an-use--
072   $aE200
100 1 $aFowler, Herbert C.
245 10$aChanges in dairy farming in the Northeast /$cby Herbert C. Fowler.
260   $aWashington, D.C. :$bU.S. Dept. of Agriculture, Bureau of Agricultural Economics,$c1952.
300   $a55 p. :$bill., 1 map ;$c26 cm.
440  0$aAgriculture information bulletin ;$vno. 86
500   $aCover title.
504   $aBibliography: p. 35.
650  0$aDairy farming$zNortheastern States.
988   $a20020608
906   $0OCLC

