LEADER 00701cam a2200205 a 4500
001 005000765-3
005 00000000000000.0
008 870730s1965    dcu          f000 0 eng d
035 0 $aocm16318985
040   $aRQF$cRQF$dAGL$dHBS
072   $aQ100
245 03$aAn Agricultural processing plant in your community? :$bAn aid in rural areas development.
260   $aWashington, D.C. :$bAgricultural Research Service, U.S. Dept. of Agriculture,$c1965.
300   $a11 p. ;$c24 cm.
440  0$aAgriculture information bulletin ;$vno. 298
500   $aCover title.
650  0$aAgricultural processing plants.
710 1 $aUnited States.$bAgricultural Research Service.
988   $a20020608
906   $0OCLC

