LEADER 00706cam a2200205 a 4500
001 005000766-1
005 00000000000000.0
008 870730s1959    dcua         f000 0 eng d
035 0 $aocm16319746
040   $aRQF$cRQF$dAGL$dHBS
072   $aE200
245 00$aNew uses for farm products.
260   $aWashington, D.C. :$bAgricultural Research Service, U.S. Dept. of Agriculture,$c1959.
300   $a35 p. :$bill. ;$c26 cm.
440  0$aAgriculture information bulletin ;$vno. 209
500   $a"Prepared in the Agricultural Research Service, United States Department of Agriculture."
650  0$aFarm produce.
710 1 $aUnited States.$bAgricultural Research Service.
988   $a20020608
906   $0OCLC

