LEADER 01730cas a2200301 a 4500
001 005000767-X
005 20020606095253.2
008 940819c19uu9999vauar    r   s0    0eng d
010   $asn 95032859 
035 0 $aocm30982643
040   $aVPL$cVPL$dHUL
042   $alcd
043   $an-us-va
050 14$aHG2040.5U62$bV88a
245 00$aMortgage lender and broker licensees, industrial loan associations, money order sellers, non-profit debt counseling agencies operating in Virginia at the close of business ...
260   $a[Richmond, Va.] :$bBureau of Financial Institutions, State Corp. Commission, Commonwealth of Virginia,
300   $av. ;$c23 cm.
310   $aAnnual
500   $aDescription based on: Dec. 31, 1993.
580   $aComplements information given in the related publicaton: Virginia. Bureau of Financial Institutions. Annual report of the Bureau of Financial Institutions, State Corporation Commission, Commonwealth of Virginia.
650  0$aMortgage banks$zVirginia$vDirectories.
650  0$aIndustrial loan associations$zVirginia$vDirectories.
710 1 $aVirginia.$bBureau of Financial Institutions.
710 1 $aVirginia.$bBureau of Financial Institutions.$tAnnual report of the Bureau of Financial Institutions, State Corporation Commission, Commonwealth of Virginia.
772 1 $aVirginia. Bureau of Financial Institutions.$tAnnual report of the Bureau of Financial Institutions, State Corporation Commission, Commonwealth of Virginia$w(DLC) 80642269$w(OCoLC)5541896
780 00$aVirginia. Bureau of Financial Institutions.$tMortgage lender and broker licensees operating in Virginia at the close of business ...$w(DLC) 93642824$w(OCoLC)26469868
988   $a20020608
906   $0OCLC

