LEADER 00756nam a22002297  4500
001 005000768-8
005 20080912205600.0
008 860130s1959    hiu           000 0 eng d
035 0 $aocm16345130
040   $aHUH$cHUH$dHBS
100 1 $aSlate, Daniel M.
245 10$aEconomic study of the Kona coffee industry, and a program for improvement,$cby Daniel M. Slate and Shelley M. Mark.
246 3 $aKona coffee industry
260   $a[Kona, Hawaii,$bPrinted by Kona Community Federal Credit Union,$c1959]
300   $a11 p.
500   $aCover title.
650  0$aCoffee$zHawaii.
651  0$aKailua Kona (Hawaii)
700 1 $aMark, Shelley Muin,$d1922-$ejoint author.
710 2 $aKona Community Federal Credit Union.
988   $a20020608
906   $0OCLC

