LEADER 00629nam a2200217I  4500
001 005000769-6
005 20020606095253.2
008 870731s1902    gw            000 0 ger  
010   $a   15004543 
035 0 $aocm16349701
040   $aDLC$cCUY$dCUY$dHFL
050 0 $aND653.B66$bH4
100 1 $aHeiland, Paul,$d1870-1933.
245 10$aDirk Bouts und die hauptwerke seiner schule.$bEin Stilkritscher versuch.
260   $aPotsdam,$bDruck von E. Stein$c[1902?]
300   $a167, [1] p.$c23 cm.
500   $aLebenslauf.
502   $aInaug.-diss.--Strassburg.
600 10$aBouts, Dirck,$d-1475.
988   $a20020608
906   $0DLC

