LEADER 01151nam a2200337   4500
001 005000770-X
005 20020606095253.2
008 760731r19761973enk           001 0 eng d
010   $agb 76022430 $z   73077469 
015   $aGB76-22430
020   $a0674644956 :$c£10.20
020   $a0674644964
035 0 $aocm16373390
040   $aUKM$cUKM$dHLS
043   $an-us-ma
050 1 $aHN80.B7
082 0 $a301.4/009744/61$218
100 1 $aThernstrom, Stephan.
245 14$aThe other Bostonians :$bpoverty and progress in the American metropolis, 1880-1970 /$cStephan Thernstrom.
260   $aCambridge, Mass. ;$aLondon :$bHarvard University Press,$c1976.
300   $axviii, 345 p. ;$c25 cm.
440  0$aHarvard studies in urban history
500   $aOriginally published: Cambridge, Mass. : Harvard University, 1973.
500   $aIncludes index.
500   $aISBN 0-674-64496-4 Pbk : £3.40.
504   $aIncludes bibliographical references.
650  0$aSocial structure.
651  0$aBoston (Mass.)$xSocial conditions.
653   $aMassachusetts$aBoston$aSocial structure, 1880-1970
988   $a20020608
906   $0OCLC

