LEADER 00615nam a2200205I  4500
001 005000771-8
005 20020606095253.2
008 870803s1921    pauf          000 0 eng d
035 0 $aocm16382993
040   $aALM$cALM$dHMZ
050  4$aQL513.O2$bC34
090   $aQL513.O2$bC34
100 1 $aCalvert, Philip Powell,$d1871-
245 10$aGomphus Dilatatus, Vastus and a new species, Lineatifrons (Odonata).
260   $aPhiladelphia,$c1921.
300   $a[15] p.$bplates.
500   $aFrom the Transactions, American Entomological Society, XLVIII, 221-232.
650  0$aDragonflies.
988   $a20020608
906   $0OCLC

