LEADER 00654cam a2200229I  4500
001 005000772-6
005 20020606095253.2
008 870804m19559999fr a          000 0 fre  
010   $a   60038537 /L
035 0 $aocm16385798
040   $aDLC$cCLU$dCLU$dOCL$dHLS
050 0 $aDT386.7$b.G5
100 2 $aGingold Duprey, A.
245 10$aDe l'invasion à la libération de l'Éthiopie.
260   $aParis,$bImpr. P. Dupont,$c1955-
300   $av.$billus.$c25 cm.
500   $aDocuments: v. 1, 389-667.
650  0$aItalians$zEthiopia.
650  0$aItalo-Ethiopian War, 1935-1936.
651  0$aEthiopia$xHistory$y1889-
988   $a20020608
906   $0DLC

