LEADER 00895cam a2200241Ia 4500
001 005000773-4
005 20070428110110.0
008 870812s1806    fr ef   s     000 0 fre d
035 0 $aocm16439628
040   $aDLM$cGKR$dHLS
043   $ae-fr---
090   $aHB161$b.G64 no. 19288.5
100 1 $aGirard, P.-S.$q(Pierre-Simon),$d1765-1836.
245 10$aDevis général du Canal de l'Ourcq :$bdepuis la première prise d'eau à Mareuil jusqu'à la barrière de Pantin /$cpar P.S. Girard.
260   $aParis :$bDe l'Imprimerie impériale,$c1806.
300   $a100, [3] p., [1] folded leaf of plate :$bplan ;$c29 cm.
500   $aGoldsmiths'-Kress no. 19288.5.
651  4$aCanal de l'Ourcq (France)
787 1 $w(DLC)14-14849
830  0$aGoldsmiths'-Kress library of economic literature ;$vno. 19288.5.$5bak
830  0$aMaking of the Modern World.$5net
988   $a20020608
906   $0OCLC

