LEADER 00679ncm a2200253Mi 4500
001 005000774-2
005 20020606095253.2
008 860417s1884    nyusga         n    eng d
035 0 $aocm16456744
040   $aCUY$cCUY$dHLS
041 1 $aengfre$hfre
045   $aw7w8
048   $avu01$aka01
100 1 $aGodard, Benjamin,$d1849-1895.
240 10$aSongs.$kSelections
245 00$aSong album.
260   $aNew York :$bG. Schirmer,$c[c1884]
300   $a1 score (103 p.) ;$c27 cm.
490 0 $aSchirmer's edition,$v70
500   $aTwenty songs for voice and piano.
500   $aEnglish and French text.
650  0$aSongs with piano.
988   $a20020608
906   $0OCLC

