LEADER 00974nam a2200241 a 4500
001 005000775-0
005 00000000000000.0
008 870821s1884    dcub     s   f000 0 eng d
010   $a   09020028 
035 0 $aocm16522559
040   $aDLC$cAUM$dHBS$dHMM
050 0 $aHD9034$b.B8
100 1 $aBrewer, William Henry,$d1828-1910.
245 10$aReport on the cereal production of the United States /$cby W.H. Brewer.
260   $aWashington, D.C. :$bG.P.O.,$c1884.
300   $avii, 173 p. :$bmaps ;$c30 cm.
500   $aAt head of title: Department of the Interior, Census Office.
500   $aPublished also in U. S. Census Office. 10th census, 1880. Census reports, v. 3.
650  0$aGrain trade$zUnited States$vStatistics.
830  0$aHarvard social history/business preservation microfilm project.$nProject 3 ;$v30028.$5mmf
830  0$aHarvard social history/business preservation microfilm project.$nProject 3 ;$v30028.$5mmf
988   $a20020608
906   $0DLC

