LEADER 00752nam a22002057a 4500
001 005000776-9
005 20020606095253.2
008 880629q18001899xx            00010 ita d
035 0 $aocn239255813
035 0 $aocm48915296
100 1 $aLombroso, Giacomo,$d1793-
245 10$aComplicazioni promosse dall'Austria dal Congresso di Vienna sino all'esaltazione di Pio IX per conservare la Lombardia /$cDi Giacomo Lombroso.
260   $a[S.l. :$bs.n.,$c18--?]
300   $a44, 48 p. ;$c23 cm.
600 00$aPius$bIX,$cPope,$d1792-1878.
651  0$aLombardy (Italy)$xHistory.
651  0$aItaly$xPolitics and government$y1815-1870.
830  0$aHarvard Risorgimento preservation microfilm project.$nProject 2b ;$v26747.$5mmf
988   $a20020608
906   $0MH

