LEADER 01006cam a2200277Ia 4500
001 005000777-7
005 20020606095253.2
008 870824s1916    dcu          f000 0 eng d
035 0 $aocm16531287
040   $aRQF$cRQF$dAGL$dHMZ
043   $an-us-ms$an-us-la
072   $aF821
100 1 $aCoad, B. R.
245 10$aCotton boll-weevil control in the Mississippi Delta, with special reference to square picking and weevil picking /$cby B.R. Coad.
246 3 $aCotton boll weevil control in the Mississippi Delta.
260   $aWashington, D.C. :$bU.S. Dept. of Agriculture,$c1916.
300   $a12 p. ;$c24 cm.
490 1 $aBulletin / United States Department of Agriculture ;$vno. 382
500   $aCaption title.
500   $a"July 8, 1916."
650  0$aBoll weevil$xControl.
650  0$aCotton$xDiseases and pests$zMississippi.
650  0$aCotton$xDiseases and pests$zLouisiana.
830  0$aBulletin of the U.S. Department of Agriculture ;$vno. 382.
988   $a20020608
906   $0OCLC

