LEADER 00731cam a2200241Ia 4500
001 005000778-5
005 20020606095253.2
008 870826s1915    dcub         f000 0 eng d
035 0 $aocm16566252
040   $aRQF$cRQF$dAGL$dHMZ
072   $aF821
100 1 $aCoad, B. R.
245 10$aRecent studies of the Mexican cotton boll weevil /$cby B.R. Coad.
260   $aWashington, D.C. :$bU.S. Dept. of Agriculture,$c1915.
300   $a34 p. :$b1 map ;$c24 cm.
440  0$aBulletin of the U.S. Department of Agriculture ;$vno. 231
500   $aCover title.
500   $a"August 2, 1915."
500   $a"Professional paper."
650  0$aBoll weevil.
650  0$aCotton$xDiseases and pests.
988   $a20020608
906   $0OCLC

