LEADER 00763cam a2200241Ia 4500
001 005000779-3
005 20020606095253.2
008 870826s1915    dcuf         f000 0 eng d
035 0 $aocm16566348
040   $aRQF$cRQF$dAGL$dHMZ
043   $an-us-az
072   $aF821
100 1 $aCoad, B. R.
245 10$aRelation of the Arizona wild cotton weevil to cotton planting in the arid West /$cby B.R. Coad.
260   $aWashington, D.C. :$bU.S. Dept. of Agriculture,$c1915.
300   $a12 p., 4 p. of plates ;$c24 cm.
440  0$aBulletin of the U.S. Department of Agriculture ;$vno. 233
500   $aCaption title.
500   $a"May 27, 1915."
650  0$aBoll weevil.
650  0$aCotton$xDiseases and pests$zArizona.
988   $a20020608
906   $0OCLC

