LEADER 00956cam a2200253Ia 4500
001 005000780-7
005 20020606095253.2
008 870901s1918    dcua         f000 0 eng d
035 0 $aocm16626977
040   $aRQF$cRQF$dAGL$dHMZ
072   $aF821
100 1 $aCoad, B. R.
245 10$aRecent experimental work on poisoning cotton-boll weevils /$cby B.R. Coad.
260   $aWashington, D.C. :$bU.S. Dept. of Agriculture,$c1918.
300   $a15 p. :$bill. ;$c24 cm.
490 1 $aBulletin / United States Department of Agriculture ;$vno. 731
500   $aCaption title.
500   $a"July 19, 1918."
650  0$aBoll weevil.
650  0$aCotton$xDiseases and pests.
776 08$iOnline version:$aCoad, B. R.$tRecent experimental work on poisoning cotton-boll weevils.$dWashington, D.C. : U.S. Dept. of Agriculture, 1918$w(OCoLC)903874688
830  0$aBulletin of the U.S. Department of Agriculture ;$vno. 731.
988   $a20020608
906   $0OCLC

