LEADER 01064nem a2200265Ia 4500
001 005000781-5
005 20020606095253.2
008 920929s1990    onc       a     1   fre d
034 1 $aa$b25000
035 0 $aocm26682399
040   $aMEU$cMEU$dHLS
041   $afreeng
052   $a3454$bM82
090   $aG3454.M82$b1990 .M3
110 2 $aMapArt (Firm)
245 13$aLa rive sud =$bThe south shore : Boucherville, Châteauguay, Longueuil, St-Hubert, St-Lambert, Varennes : ci inclus/including: Bouchard, Brossard, Candiac, Carignan, Chambly, Châteauguay, Delson, Greenfield Park, Kahnawake, LaPrairie, LeMoyne, Longueuil, Richelieu, St-Basile-Le-Grand, St-Bruno-de Montarville, St-Constant, St-Hubert, St-Lambert, Ste-Catherine, Varennes et d'autres/and others.
250   $a1990/91 ed.
255   $aScale 1:25,000.
260   $aOshawa, Ont. :$bMapArt,$c1990.
300   $a3 maps :$bboth sides, col. ;$c68 x 96 cm.
500   $aIndexed.
500   $aPanel title.
651  0$aMontreal Surburban Area (Québec)$vMaps.
988   $a20020608
906   $0OCLC

