LEADER 00742cam a2200217 a 4500
001 005000782-3
005 00000000000000.0
008 870903s1970    dcud     s   f000 0 eng d
035 0 $aocm16638988
040   $aRQF$cRQF$dAGL$dHBS
043   $an-us---
072   $aE400$aE200
100 1 $aHaskell, James E.$q(James Edward)
245 10$aResults and methods of four mergers by local supply co-ops /$cby James E. Haskell.
260   $aWashington, D.C. :$bFarmer Cooperative Service, U.S. Dept. of Agriculture,$c1970.
300   $av, 46 p. :$bcharts ;$c26 cm.
440  0$aFCS research report ;$v8
650  0$aAgriculture, Cooperative$zUnited States.
710 1 $aUnited States.$bFarmer Cooperative Service.
988   $a20020608
906   $0OCLC

