LEADER 00809cam a2200229Ia 4500
001 005000783-1
005 20020606095253.2
008 870910s1921    dcu          f000 0 eng d
035 0 $aocm16664630
040   $aRQF$cRQF$dAGL$dHMZ
072   $aF821
100 1 $aCoad, B. R.
245 10$aSome rules for poisoning the cotton boll weevil /$cB.R. Coad and T.P. Cassidy.
260   $aWashington, D.C. :$bU.S. Dept. of Agriculture,$c1921.
300   $a4 p. ;$c23 cm.
490 1 $aDepartment circular / United States Department of Agriculture ;$v162
500   $a"Contribution from the Bureau of Entomology."
650  0$aBoll weevil$xControl.
700 1 $aCassidy, T. P.$q(Tom Part),$d1890-
830  0$aDepartment circular (United States. Department of Agriculture) ;$v162.
988   $a20020608
906   $0OCLC

