LEADER 00848cam a2200241Ia 4500
001 005000784-X
005 20020606095253.2
008 870910s1921    dcu          f000 0 eng d
035 0 $aocm16664643
040   $aRQF$cRQF$dAGL$dHMZ
072   $aF821
100 1 $aCoad, B. R.
245 10$aDispersion of the boll weevil in 1920 /$cby B.R. Coad and R.W. Moreland.
260   $aWashington, D.C. :$bU.S. Dept. of Agriculture,$c1921.
300   $a2 p. ;$c27 cm.
490 1 $aDepartment circular / United States Department of Agriculture ;$v163
500   $a"Contribution from the Bureau of Entomology."
650  0$aBoll weevil$zUnited States.
650  0$aCotton$xDiseases and pests$zUnited States.
700 1 $aMoreland, R. W.
830  0$aDepartment circular (United States. Department of Agriculture ;$v163.
988   $a20020608
906   $0OCLC

