LEADER 01181cam a2200217 a 4500
001 005000785-8
005 20020606095253.2
008 870819s1844    gw fai        000 0 ger  
010   $a   86223378 
035 0 $aocm16681469
040   $aDLC$cDLC$dHFL
043   $ae-gx---
050 00$aNA1063$b.H45 1844
100 1 $aHeideloff, Carl Alexander von,$d1788-1865.
245 14$aDie Bauhütte des Mittelalters in Deutschland :$beine kurzgefasste geschichtliche Darstellung mit Urkunden und andern Beilagen, so wie einer Abhandlung über den Spitzbogen in der Architektur der Alten, als Vorläufer der Grundzüge der altdeutschen Baukunst und auch an des Verfassers Werk "Die Ornamentik des Mittelalters" sich anreihend /$cvon Ritter Carl Heideloff.
260   $aNürnberg :$bJohann Adam Stein,$c1844.
300   $ax, 130 p., [2] leaves of plates :$bill., 2 coats of arms (1 col.) ;$c29 cm.
505 2 $aDreizehn Urkunden über Steinmetz-Ordnung -- Geometria deutsch / angeblich von Hans Hösch von Gmünd 1472 -- Das Reissbüchlein der Massbretter / von Mathäus Roritzer, Dommeister von Regensburg 1486.
650  0$aArchitecture, Medieval$zGermany.
988   $a20020608
906   $0DLC

