LEADER 00845cam a2200241Ia 4500
001 005000786-6
005 20020606095253.2
008 870916s1922    dcub         f000 0 eng d
035 0 $aocm16695301
040   $aRQF$cRQF$dAGL$dHMZ
043   $an-us---
072   $aF821
245 00$aDispersion of the boll weevil in 1921 /$cby B.R. Coad ... [et al.].
260   $aWashington, D.C. :$bU.S. Dept. of Agriculture,$c1922.
300   $a3 p. :$b1 map ;$c27 cm.
490 1 $aDepartment circular / United States Department of Agriculture ;$v210
500   $a"Contribution from the Bureau of Entomology."
650  0$aBoll weevil$zUnited States.
650  0$aCotton$xDiseases and pests$zUnited States.
700 1 $aCoad, B. R.
830  0$aDepartment circular (United States. Department of Agriculture) ;$v210.
988   $a20020608
906   $0OCLC

