LEADER 00558nam a2200205K  4500
001 005000787-4
005 20020606095253.2
008 870917s1879    fr       l    000 0 fre d
010   $a   36005310 
035 0 $aocm16704695
035 0 $aocm16704695$zocm23409099
040   $aTRN$cTRN$dEYM$dHVL
043   $ae-fr---
100 2 $aSaint-Thomas, Du Verger.
245 00$aNouveau code du duel;$bhistoire, legislation - droit contemporain.
260   $aParis,$bDentu,$c1879.
300   $axii, 465 p.$c18 cm.
650  0$aDueling.
988   $a20020608
906   $0OCLC

