LEADER 00558nam a2200193K  4500
001 005000788-2
005 20020606095253.2
008 870917s1952    riu      b    000 0 eng d
035 0 $aocm16705525
040   $aRIU$cRIU$dHMZ
090   $aZ7996.M3$bC63
100 1 $aClement, Roland C.
245 03$aAn annotated check-list of the land mammals of Rhode Island.
260   $aProvidence,$bAudubon Society of Rhode Island,$c1952.
300   $a[5]-8 p.$c23 cm.
650  0$aMammals$zRhode Island.
650  0$aMammals$vBibliography.
988   $a20020608
906   $0OCLC

