LEADER 01336cam a2200373Ia 4500
001 005000789-0
005 20020606095253.2
008 870921s1924    dcua         f000 0 eng d
035 0 $aocm16723415
040   $aRQF$cRQF$dAGL$dHMZ
043   $an-us---
050 14$aS21$b.A8
072   $aH000
100 1 $aCoad, B. R.
245 10$aDusting cotton from airplanes /$cby B.R. Coad, E. Johnson, and G.L. McNeil.
260   $aWashington, D.C. :$bU.S. Dept. of Agriculture,$c1924.
300   $a40 p. :$bill. ;$c24 cm.
490 1 $aDepartment bulletin / United States Department of Agriculture ;$vno. 1204
500   $aCaption title.
500   $a"January, 1924."
505 0 $aFirst use of airplanes in applying insecticides. pp. 1.
505 0 $aDust hopper construction. pp. 3.
505 0 $aField dusting studies. pp. 9.
505 0 $aGeneral considerations of airplane dusting. pp. 33.
505 0 $aCharacteristics of airplanes used. pp. 38.
505 0 $aCost of operation. pp. 39.
505 0 $aConclusions. pp. 40.
650  0$aAerial spraying and dusting in agriculture.
650  0$aCotton$xDiseases and pests.
700 1 $aJohnson, Elmer.
700 1 $aMcNeil, Guy L.,$d1893-
830  0$aDepartment bulletin (United States. Department of Agriculture) ;$vno. 1204.
988   $a20020608
906   $0OCLC

