LEADER 00787cam a2200229Ia 4500
001 005000790-4
005 20020606095253.2
008 870922s1923    dcu          f000 0 eng d
035 0 $aocm16727042
040   $aRQF$cRQF$dAGL$dHMZ
072   $aF821
100 1 $aCoad, B. R.
245 10$aDusting for the cotton boll weevil /$cB.R. Coad and T.P. Cassidy.
260   $aWashington, D.C. :$bU.S. Dept. of Agriculture,$c1923.
300   $a3 p. ;$c23 cm.
490 1 $aDepartment circular / United States Department of Agriculture ;$v274
650  0$aBoll weevil$xControl.
650  0$aSpraying and dusting in agriculture.
700 1 $aCassidy, T. P.$q(Tom Part),$d1890-
830  0$aDepartment circular (United States. Department of Agriculture) ;$v274.
988   $a20020608
906   $0OCLC

