LEADER 00778nam a2200229Mi 4500
001 005000791-2
005 20020606095253.2
008 870922s1974    enka     bc   000 0 eng d
035 0 $aocm16730040
040   $aORZ$cORZ$dHFL
043   $ae-fr---
050 1 $aN8640
110 2 $aHeim Gallery.
245 10$aReligious and Biblical themes in French baroque painting :$bsummer exhibition, May 29-August 30, 1974, Heim Gallery (London) Ltd.
260   $a[London] :$bDalton Watson,$c[1974]
300   $a[48] p. :$bill. ;$c25 cm.
440  0$aHeim exhibition catalogues,$vno. 19
504   $aIncludes bibliographical references.
650  0$aChristian art and symbolism$zFrance$vExhibitions.
650  0$aPainting, Baroque$zFrance$vExhibitions.
988   $a20020608
906   $0OCLC

