LEADER 01135nam a22002537a 4500
001 005000792-0
005 00000000000000.0
008 830613s1926    enk           000 0 eng d
010   $a   26014271 
035 0 $aocm16745899
040   $aDLC$cORZ$dHBS$dHMM
050 0 $aHD7091$b.L4
110 2 $aLeague of Nations Union.
245 10$aSocial insurance in its national and international aspects and in relation to the work of the International Labour Organization of the League of Nations :$bthe report of a conference organized by the League of Nations Union and held at the London School of Economics, November 23rd, 24th, 25th and 26th, 1925.
260   $aLondon :$bFaber & Gwyer,$c1926.
300   $a248 p. ;$c25 cm.
610 20$aInternational Labour Organisation.
650  0$aIndustrial life insurance.
650  0$aSocial security.
710 2 $aInternational Labour Organisation.
830  0$aHarvard social history/business preservation microfilm project.$nProject 3 ;$v30576.$5mmf
830  0$aHarvard social history/business preservation microfilm project.$nProject 3 ;$v30576.$5mmf
988   $a20020608
906   $0DLC

