LEADER 00570nam a2200193M  4500
001 005000793-9
005 20020606095253.2
008 820623n        enk           000 0 eng  
010   $a   66004606 
035 0 $aocm16746726
040   $aDLC$cORZ$dHLS
050 0 $aAS121$b.F18 1965
245 04$aThe F. R. Leavis lecture.
260   $a[London,$aNew York]$bCambridge University Press.
300   $av.$c19 cm.
500   $aArranged under the auspices of the F.R. Leavis Lectureship Trust.
500   $aPublished by Cambridge University Press.
988   $a20020608
906   $0DLC

