LEADER 00891nam a2200241M  4500
001 005000794-7
005 20020606095253.2
008 870924s1973    yu c     b    100 0 macr 
010   $a   75970615 
015   $aYu***
035 0 $aocm16747002
040   $aDLC$cORZ$dHLS
043   $aed-----
050 0 $aDR701.M42$bD42564
245 00$aGoce Delčev i makedonskoto nacionalno revolucionerno dviženje.$bMaterijali od Simpoziumot održan na 8, 9 i 10 noemvri 1972 godina vo Štip po povod 100-godišninata od paǵanjeto na Goce Delčev.
260   $aSkopje,$bMakedonska akademija na naukite i umetnostite, Institut za nacionalna istorija,$c1973.
300   $a410 p.$bports.$c24 cm.
500   $aErrata slip inserted.
504   $aIncludes bibliographical references.
600 10$aDelčev, Goce,$d1872-1903.
651  0$aMacedonia$xHistory$y1389-1912.
988   $a20020608
906   $0DLC

