LEADER 00647cam a2200205M  4500
001 005000795-5
005 20020606095253.2
008 870928s1876    enk           000 0 eng  
010   $a   17000428 
035 0 $aocm16760578
035 0 $aocm16760578$zocm12887245
040   $aDLC$cORZ$dOCL$dHLS
050 0 $aDA563$b.A6 1876
100 1 $aGladstone, W. E.$q(William Ewart),$d1809-1898.
245 02$aA speech delivered at Blackheath ...$bSeptember 9th, 1876;$ctogether with letters on the question of the East.
260   $aLondon,$bJ. Murray,$c1876.
300   $a44 p.$c23 cm.
650  0$aEastern question (Balkan)
988   $a20020608
906   $0DLC

