LEADER 00780cam a2200241 a 4500
001 005000796-3
005 20030206174123.0
008 871005s1962    dcu          f000 0 eng d
035 0 $aocm16813129
040   $aRQF$cRQF$dAGL$dHBS
043   $ae-ie---
072   $aF100$aQ002$aE700
100 1 $aDobbins, C. E.$q(Claude Edwin),$d1917-
245 10$aIreland's livestock and meat industry /$c[by Claude E. Dobbins].
260   $a[Washington, D.C.] :$bForeign Agricultural Service, U.S. Dept. of Agriculture,$c1962.
300   $a13 p. ;$c26 cm.
440  0$aFAS M ;$v130
500   $aCover title.
650  0$aAnimal industry$zIreland.
650  0$aMeat industry and trade$zIreland.
710 1 $aUnited States.$bForeign Agricultural Service.
988   $a20020608
906   $0OCLC

