LEADER 00765cam a2200241 a 4500
001 005000797-1
005 20030206174127.0
008 871006s1966    dcua     s   f000 0 eng d
035 0 $aocm16815219
040   $aRQF$cRQF$dAGL$dHBS
043   $an-cn---
072   $aL100$aQ002$aE700
100 1 $aGerrity, Martin V.
245 10$aCanada's meat and livestock industry /$c[by Martin V. Gerrity].
260   $a[Washington, D.C.] :$bU.S. Dept. of Agriculture, Foreign Agricultural Service,$c1966.
300   $a11 p. :$bill. ;$c26 cm.
440  0$aFAS M ;$v176
500   $aCover title.
650  0$aMeat industry and trade$zCanada.
650  0$aAnimal industry$zCanada.
710 1 $aUnited States.$bForeign Agricultural Service.
988   $a20020608
906   $0OCLC

