LEADER 00617naa a2200193Ka 4500
001 005000798-X
005 20020606095253.2
008 871012s1905    dcu           000 0 eng d
035 0 $aocm16842191
040   $aDPL$cDPL$dHMZ
100 1 $aCockerell, Theodore D. A.$q(Theodore Dru Alison),$d1866-1948.
245 10$aNew American bees /$cby T.D.A. Cockerell.
260   $a[Washington, D.C. :$bBiological Society of Washington,$c1905]
300   $ap. 177-184 ;$c23 cm.
500   $aCaption title.
650  0$aBees$zWest (U.S.)
773 0 $tProc. Biol. Soc.$gWashington. 1905. 18. 177-184.
988   $a20020608
906   $0OCLC

