LEADER 00583naa a2200181Ka 4500
001 005000799-8
005 20020606095253.2
008 871012r19081908onca          000 0 eng d
035 0 $aocm16842434
040   $aDPL$cDPL$dHMZ
100 1 $aCockerell, Theodore D. A.$q(Theodore Dru Alison),$d1866-1948.
245 12$aA remarkable Cecidomyiid fly /$cby T.D.A. Cockerell.
260   $a[London, Ont. :$bEntomological Society of Ontatio,$c1908]
300   $ap. 421-422 :$b1 ill. ;$c22 cm.
650  0$aGall midges.
773 0 $tCanad. Entom.$g1908. 40. 421-422.
988   $a20020608
906   $0OCLC

