LEADER 00671nam a2200217K  4500
001 005000800-5
005 20020606095253.2
008 871014s1948    mau      b    000 0 eng d
035 0 $aocm16850803
040   $aWEL$cWEL$dHFL
110 2 $aFogg Art Museum.
245 00$aVenice in the eighteenth century, May 7 - June 10, 1948.
260   $a[Cambridge, Mass.,$bFogg Museum of Art]$c1948.
300   $a22 ℓ.$c29 cm.
500   $aMimeographed.
500   $aText signed: Anne B. Chafee.
504   $aBibliography: ℓ. 10-11.
690  9$aArt, Italian$zVenice$xExhibitions.$5fal
690  9$aPainting, Italian$zVenice$xExhibitions.$5fal
988   $a20020608
906   $0OCLC

