LEADER 00753nam a2200217K  4500
001 005000801-3
005 20020606095253.2
008 871017s1965    dcuabd       f000 0 eng d
035 0 $aocm16863804
040   $aLRU$cTRN$dHLS
090   $aHV95$b.A443x 1965
110 1 $aUnited States.$bDepartment of Health, Education, and Welfare.$bDepartmental Task Force on Social Work Education and Manpower.
245 10$aClosing the gap ...$bin social work manpower.
246 3 $aSocial work manpower.
260   $a[Washington, D.C.,$bU.S. Gov't Print. Off.]$c1965.
300   $ax, 90 p.$billus., maps, charts.$c26 cm.
504   $aSelected references: p. 87-90.
650  0$aSocial work education.
650  0$aSocial workers.
988   $a20020608
906   $0OCLC

