LEADER 00611nam a2200205Ia 4500
001 005000802-1
005 20020606095253.2
008 871021s1967    gm       b   f000 0 eng d
035 0 $aocm16883170
040   $aILU$cILU$dHLS
043   $af-gm---
090   $aDT509.13$b.G19 1966/67
245 04$aThe Gambia :$breport for years 1966 and 1967.
260   $aBathurst :$bGambia Printing Office,$c1967.
300   $a87 p. ;$c23 cm.
504   $aIncludes bibliographical references.
651  0$aGambia$xEconomic conditions$y1965-
651  0$aGambia$xPolitics and government$y1965-
988   $a20020608
906   $0OCLC

