LEADER 01543cam a2200301 a 4500
001 005000803-X
005 20070412145549.0
008 871026s1925    iluab    b   s000 0 eng d
035 0 $aocm16897391
040   $aRQF$cRQF$dAGL$dHBS$dHMM
043   $an-us-il
072   $aL100$aE200
100 1 $aCase, H. C. M.$q(Harold Clayton M.),$d1890-
245 10$aCattle feeding in relation to farm management /$cby H.C.M. Case and K.H. Myers.
246 14$aEconomic factors in cattle feeding
246 3 $aEconomic factors in cattle feeding
260   $aUrbana, Ill. :$bUniversity of Illinois Agricultural Experiment Station,$c1925.
300   $ap. [213]-243 :$bill., map ;$c23 cm.
490 1 $aBulletin (University of Illinois (Urbana-Champaign campus). Agricultural Experiment Station) ;$vno. 261
504   $aIncludes bibliographical references.
650  0$aBeef cattle$xFeeding and feeds$xEconomic aspects$zIllinois.
700 1 $aMyers, Kenneth Hayes,$d1898-
776 08$iOnline version:$aCase, H. C. M. (Harold Clayton M.), 1890-$tCattle feeding in relation to farm management.$dUrbana, Ill. : University of Illinois Agricultural Experiment Station, 1925$w(OCoLC)872174302
830  0$aHarvard social history/business preservation microfilm project.$nProject 3 ;$v30319.$5mmf
830  0$aBulletin (University of Illinois (Urbana-Champaign campus). Agricultural Experiment Station) ;$v261.
830  0$aHarvard social history/business preservation microfilm project.$nProject 3 ;$v30319.$5mmf
988   $a20020608
906   $0OCLC

