LEADER 00811cam a2200253 a 4500
001 005000804-8
005 00000000000000.0
008 871030s1956    dcu      b   f000 0 eng d
035 0 $aocm16917152
040   $aRQF$cRQF$dAGL$dHBS
072   $aF110
100 1 $aFriedman, B. A.$q(Bernard A.),$d1909-
245 10$aVacuum-cooling fresh vegetables and fruits /$c[by B.A. Friedman, and W.A. Radspinner].
246 3 $aVacuum cooling fresh vegetables and fruits
260   $aWashington, D.C. :$bU.S. Dept. of Agriculture, Agricultural Marketing Service,$c1956.
300   $a15 p. ;$c27 cm.
440  0$aAMS ;$v107
500   $aCover title.
504   $aBibliography: p. 11-12.
650  0$aVegetables$xCooling.
650  0$aFruit$xCooling.
700 1 $aRadspinner, W. A.
988   $a20020608
906   $0OCLC

