LEADER 01060cam a2200253 a 4500
001 005000805-6
005 20020128133735.0
008 871102s1925    dcu          f000 0 eng d
035 0 $aocm16928233
040   $aRQF$cRQF$dAGL$dHBS$dHMM
072   $aF120
100 1 $aCooper, M. R.$q(Martin Reese),$d1887-
245 10$aCost of producing field crops, 1923 :$bcorn, wheat, oats, potatoes, and cotton /$cM.R. Cooper and C.R. Hawley.
260   $aWashington, D.C. :$bU.S. Dept. of Agriculture,$c1925.
300   $a28 p. ;$c24 cm.
490 1 $aDepartment circular / United States Department of Agriculture ;$v340
500   $aTitle from cover.
650  0$aField crops$xCosts.
700 1 $aHawley, C. R.$q(Catherine Reel),$d1890-
830  0$aDepartment circular (United States. Department of Agriculture) ;$v340.
830  0$aHarvard social history/business preservation microfilm project.$nProject 3 ;$v30281.$5mmf
830  0$aHarvard social history/business preservation microfilm project.$nProject 3 ;$v30281.$5mmf
988   $a20020608
906   $0OCLC

