LEADER 00563nas a2200205K  4500
001 005000806-4
005 20020606095253.2
008 871104c19629999lu uu         0    0fre d
035 0 $aocm16938400
040   $aISM$cISM$dHLS
110 2 $aEuropean Coal and Steel Community.$bHigh Authority.
245 10$aCollection d'économie du travail.
260   $aLuxembourg,$c1962-
300   $av.$c23 cm.
362 0 $a1-
515   $aNo more published?
550   $aIssued by its Haute autorité.
690  9$aEconomics$xPeriodicals.$5wid
988   $a20020608
906   $0OCLC

