LEADER 01085cam a2200265ua 4500
001 005000807-2
005 20024617123543.0
008 870708s1974    ko acf   b    000 0ckor d
035 0 $aocm16970577
040   $aNN$cNN$dOCoLC$dMH-HY$dCStRLIN
043   $aa-kr---
100 1 $6880-01$aPak, An-sik.
245 10$6880-02$aHanʾguk sunʾgyoja yŏlchŏn :$byonggi wa kwanyong ŭi yŏksa /$cPak An-sik chŏ.
260   $6880-03$aSŏul Tʻŭkpyŏlsi :$bSŏngŭmsa,$c1974.
300   $a395 p. :$bill., ports. plates ;$c20 cm.
504   $aBibliography: p. 394-395.
500   $6880-04$aPurok (p. 364-393): Hanʾguk sunʾgyosa yŏnpʻyo - Chʻŏnjugyo sunʾgyoja pokcha myŏngdan.
650  0$aChristian martyrs$zKorea$vBiography.
650  0$aCatholics$zKorea$xHistory.
880 1 $6100-01$a朴安植.
880 10$6245-02$a韓國殉教者列傅 :$b勇氣와寬容의歴史 /$c朴安植著.
880   $6260-03$a서울特别市 :$b省音社,$c1974.
880   $6500-04$a附錄 (p. 364-393): 韓國殉教史年表- 天主教殉教者福者名單.
988   $a20021207
906   $0OCLC

