LEADER 00828nam a2200229Ki 4500
001 005000808-0
005 20020606095253.2
008 871112r1966    cauc     b    000 0 eng d
035 0 $aocm16971903
040   $aRQE$cRQE$dHMZ
090   $aQL417.Z9$bO7 C6
100 1 $aCoan, Eugene V.
245 10$aCharles Russell Orcutt, pioneer Californian malacologist, and The West American Scientist /$cby Eugene Coan.
260   $aSan Diego, Calif. :$bSan Diego Society of Natural History,$c1966.
300   $ap. [85]-96 :$bport. ;$c26 cm.
490 0 $aTransactions of the San Diego Society of Natural History,$vvol. 14, no. 8
504   $aBibliography: p. 90.
600 10$aOrcutt, Charles Russell,$d1864-1929$vBibliography.
610 20$aWest American Scientist.
650  0$aMollusks$vBibliography.
988   $a20020608
906   $0OCLC

