LEADER 01497cam a2200385 a 4500
001 005000809-9
005 20024617103528.0
008 871113r1969    ch            000 0 chird
035 0 $aocm16978680
040   $aOU$cOU$dOCoLC$dMH-HY$dCStRLIN
041 1 $achi$hfre
100 1 $aGarnier, Francis,$d1839-1873.
245 10$6880-01$aJianpuzhai yi bei tan lu ji /$cHuangxishi Jiani zhuan.
260   $6880-02$a[Taipei] :$bHua wen shu ju,$c[1969]
300   $a2 v. (1234 p.) ;$c21 cm.
490 1 $6880-03$aZhonghua wen shi cong shu. Di 13 ji ;$v109
500   $6880-04$aCaption title: Jianpuzhi yi bei tan lu ji.
500   $6880-05$aRunning title: Tan lu ji.
500   $6880-06$a"Qing Guangxu kan ben ying yin."
651  0$aIndochina$xDescription and travel.
600 10$aGarnier, Francis,$d1839-1873$xJourneys$zIndochina.
740 0 $6880-07$aJianpuzhi yi bei tan lu ji.
740 0 $6880-08$aTan lu ji.
880 10$6245-01$a柬埔寨以北探路記 /$c晃西士加尼撰.
880   $6260-02$a[Taipei] :$b華文書局,$c[1969]
880 1 $6490-03$a中華文史叢書. 第13輯 ;$v109
880   $6500-04$aCaption title: 柬埔治以北探路記.
880   $6500-05$aRunning title: 探路記.
880   $6500-06$a"清光緖刊夲影印."
880 0 $6740-07$a柬埔治以北探路記.
880 0 $6740-08$a探路記.
830  0$6880-09$aZhonghua wen shi cong shu ;$v109.
880  0$6830-09$a中華文史叢書 ;$v109.
988   $a20021127
906   $0OCLC

