LEADER 00703nam a22002171  4500
001 005000810-2
005 20020606095253.2
008 871022s1948    fr a     b    000 0 fre c
010   $a   48024965 //r87
035 0 $aocm16981936
040   $aDLC/ICU$cCGU$dHMZ
050 0 $aQL465$b.C68
082 0 $a595.7
100 1 $aColas, Guy,$d1902-
245 10$aGuide de l'entomologiste;$bl'entomologiste sur le terrain, préparation, conservation des insects et des collections.$cPréf. du Dr R. Jeannel.
260   $aParis,$bN. Boubée,$c1948.
300   $a309 p.$billus.$c22 cm.
504   $a"Bibliographie": p. [293]-[298]
650  0$aInsects$xCollection and preservation.
988   $a20020608
906   $0OCLC

