LEADER 00894cam a2200253 a 4500
001 005000811-0
005 20024617123543.0
008 871120s1964    ko            000 0 kor  
010   $ak 65000823
035 0 $aocm17007554
040   $aDLC$cPPWe$dOCoLC$dMH-HY$dCStRLIN
050 00$aBL51$b.C47
100 1 $6880-01$aChʻae, Pʻil-gŭn,$d1885-
245 10$6880-02$aChʻŏrhak kwa chonggyo ŭi taehwa /$cChʻae Pʻil-gŭn chŏ.
260   $6880-03$aSŏul :$bTaehan Kidokkyo Sŏhoe,$c1964.
300   $a420, 8 p. ;$c21 cm.
500   $aAdded t.p.: Dialogue on philosophy and religion, by Pil Keun Chai.
650  0$aPhilosophy and religion.
740 0 $aDialogue on philosophy and religion.
880 1 $6100-01$a蔡弼近,$d1885-
880 10$6245-02$a哲學과宗教의對話 /$c蔡弼近著.
880   $6260-03$a서울 :$b大韓基督敎書會,$c1964.
988   $a20021207
906   $0DLC

