LEADER 00744cam a2200205 a 4500
001 005000812-9
005 20020128133739.0
008 871123s1917    ohua          000 0 eng a
035 0 $aocn229877956
035 0 $aocn229877964
100 1 $aVaughan, Henry W.$q(Henry William),$d1887-
245 10$aTypes and market classes of live stock /$cby H.W. Vaughan.
260   $aColumbus, Ohio :$bR.G. Adams,$c1917.
300   $a488 p. :$bill. ;$c24 cm.
650  0$aLivestock breeds.
650  0$aLivestock$xJudging.
830  0$aHarvard social history/business preservation microfilm project.$nProject 3 ;$v30060.$5mmf
830  0$aHarvard social history/business preservation microfilm project.$nProject 3 ;$v30060.$5mmf
988   $a20020608
906   $0MH

