LEADER 00710cam a22002057a 4500
001 005000813-7
005 20020606095253.2
008 841115s1977    gw            000 0 ger  
010   $a   83853746 //r89
035 0 $aocm17087509
040   $aDLC$cDLC$dHFL
100 1 $aHeider, Klaus,$d1936-
245 10$aKlaus Heider, Staatliche Kunsthalle Baden-Baden 14. Oktober-13. November 1977 /$cherausgegeben und eingeleitet von Hans Albert Peters.
260   $a[Baden-Baden] :$bStaatliche Kunsthalle Baden-Baden,$c[1977]
300   $a[72] p. :$bchiefly ill. ;$c30 cm.
504   $aBibliography: p. [69]
700 1 $aPeters, Hans Albert.
710 2 $aStaatliche Kunsthalle Baden-Baden.
988   $a20020608
906   $0DLC

