LEADER 00738nam a22002417a 4500
001 005000814-5
005 20070129104605.0
008 860625s1978    gw            000 0 ger  
010   $a   86874461 
020   $a3809300381 (pbk.)
035 0 $aocm17185742
040   $aDLC$cDLC$dHFL
100 1 $aHeibel, Axel,$d1943-
245 10$aAxel Heibel :$bFalttücher und Buchobjekte : Museum Bochum, Kunstsammlung 27.5.-1.7.78.
260   $aBochum :$bDie Kunstsammlung,$c[1978]
300   $a[40] p. :$bill. ;$c26 cm.
500   $aIncludes essay by Erwin Heizmann.
504   $aIncludes bibliographical references.
600 10$aHeibel, Axel,$d1943-
700 1 $aHeizmann, Erwin.
710 2 $aMuseum Bochum.
988   $a20020608
906   $0DLC

