LEADER 00598nam a22001937a 4500
001 005000815-3
005 20020606095253.2
008 870407s1964    gw            000 0 ger  
010   $a   87873221 
035 0 $aocm17189405
040   $aDLC$cDLC$dHBS
100 1 $aRullmann, Alfred.
245 14$aDer wettbewerbsfähige Hof :$bWege für Struktur- und Betriebsverbesserungen /$cAlfred Rullmann.
260   $aHamburg :$bParey,$c1964.
300   $a110 p., [8] p. of plates :$bill. ;$c25 cm.
440  0$aAgrarpolitik und Marktwesen ;$vHeft 4
650  0$aFarm management.
988   $a20020608
906   $0DLC

