LEADER 00789cam a2200205 a 4500
001 005000816-1
005 20020128133743.0
008 871210s1936    iauad        s000 0 eng d
035 0 $aocm17216091
040   $aRQF$cRQF$dAGL$dHBS
072   $aQ101
100 1 $aMighell, Albert Thomas,$d1899-
245 10$aFinancial management of farmers' creameries as affected by volume and prices /$cby Albert Mighell and Paul E. Quintus.
260   $aAmes, Iowa :$bAgricultural Experiment Station, Iowa State College of Agriculture and Mechanical Arts,$c1936.
300   $a40 p. :$bill., charts ;$c23 cm.
440  0$aBulletin (Iowa Agricultural Experiment Station) ;$v351
650  0$aCreameries$xEconomic aspects.
700 1 $aQuintus, Paul E.$q(Paul Elmer),$d1905-
988   $a20020608
906   $0OCLC

