LEADER 00831nam a2200229 a 4500
001 005000817-X
005 00000000000000.0
008 871211s1941    dcu          f000 0 eng d
035 0 $aocm17224141
040   $aFPS$cFPS$dHBS
043   $an-us---
050  4$aJA28$b.C68 BX-218
100 1 $aWheeler, William Archie,$d1876-1968.
245 10$aState seed legislation in its relation to the problem of interstate trade barriers /$cby W.A. Wheeler.
260   $aWashington, D.C. :$bU.S. Dept. of Agriculture, Agricultural Marketing Service,$c1941.
300   $a24 p. ;$c28 cm.
440  0$aBX ;$v218
650  0$aSeed industry and trade$xLaw and legislation$zUnited States$xStates.
650  0$aAgricultural laws and legislation$zUnited States$xStates.
710 2 $aCouncil of State Governments.
988   $a20020608
906   $0OCLC

