LEADER 00706nam a2200217K  4500
001 005000819-6
005 20020606095253.2
008 871228s1954    li ah    b    000 0 litod
010   $z   56015225 
035 0 $aocm17287232
040   $aWAU$cWAU$dHLS
090   $aPG8721.D7$bM37
100 1 $aGineitis, L.
245 10$aKristijono Donelaičio "Metai."
260   $aVilnius,$bValstybinė grožinės literatūros leidykla,$c1954.
300   $a266 p.$billus, facsim.
500   $aAt head of title: Lietuvos TSR Mokslų akademija. Lietuvių kalbos ir literatūros institutas.
504   $aBibliographical footnotes.
600 10$aDonelaitis, Kristijonas,$d1714-1780.$tMetai.
988   $a20020608
906   $0OCLC

