LEADER 00986nam a22002417  4500
001 005000820-X
005 20090417000243.0
008 871230s1968    mau           000 0 eng d
035 0 $aocm17290554
040   $aVXG$cVXG$dHBS
100 1 $aPeterson, Byron S.
245 14$aThe cranberry industry in Massachusetts,$cby Byron S. Petersond, Chester E. Cross and Nathaniel Tilden.
260   $aBoston,$bDept. of Agriculture, Division of Markets,$c1968.
300   $a76 p.$bcharts, tables.$c23 cm.
490 1 $aBulletin. Division of Markets, Department of Agriculture, Commonwealth of Massachusetts,$vno. 301
500   $aCover title.
500   $a"Fifth in series of bulletins of the same title published since 1925 (July 1925, June, 1948 and May 1957)"
650  0$aEuropean cranberry.
700 1 $aCross, Chester E.
700 1 $aTilden, Nathaniel.
830  0$aBulletin. (Massachusetts. Department of Agriculture. Division of Markets) ;$vno. 301.
988   $a20020608
906   $0OCLC

