LEADER 00664nam a22001937  4500
001 005000821-8
005 00000000000000.0
008 880105s1958    xx a          000 0 eng d
035 0 $aocm17306458
040   $aGUA$cGUA$dHBS
100 1 $aPresley, Charles B.
245 10$aFinancing sprinkler irrigation equipment, with particular reference to flue-cured tobacco production.
260   $c1958.
300   $a159 ℓ.$billus.$c28 cm.
502   $aThesis--Rutgers University, Graduate School of Banking, conducted by American Bankers Association, 1958.
650  0$aAgricultural credit$zUnited States.
650  0$aSprinkler irrigation.
988   $a20020608
906   $0OCLC

