LEADER 00706nam a2200205K  4500
001 005000822-6
005 20020606095253.2
008 880107s1933    it af    b    000 0 ita d
035 0 $aocm17315740
040   $aCMA$cCMA$dHFL
110 1 $aFerrara (Italy).$bPalazzo Schifanoia.
245 02$aI bronzi artistici del Civico Museo Schifanoia,$bcatalogo$c[di] Gualtiero Medri.
260   $aFerrara,$bS.A. Industrie Grafiche,$c1933.
300   $a46 p.$billus. on 12 pl.$c26 cm.
500   $aAt head of title: Comitato ferrarese per le onoranze del IV centenario di Ludovico Ariosto.
504   $aIncludes bibliographies.
690  9$aBronzes.$5fal
700 1 $aMedri, Gualtiero.
988   $a20020608
906   $0OCLC

