LEADER 00476cam a2200169K  4500
001 005000823-4
005 20050319130429.0
008 880108s1954    mau           000 0 eng d
035 0 $aocm17317824
040   $aWEL$cWEL$dHFL
110 2 $aFogg Art Museum.
245 10$aHellenistic art in Asia;$ba loan exhibition; December 28, 1954-February 15, 1955.
260   $a[Cambridge, Mass.,$c1954]
300   $a1 v. (unpaged)$c28 cm.
650  0$aArt, Greek.
988   $a20020608
906   $0OCLC

