LEADER 00821cam a2200229 a 4500
001 005000824-2
005 20024617115255.0
008 870320s1985    ja       i    000 0 jpn d
035 0 $aocm17333563
040   $aNN$cNN$dCLU$dMdU$dMH-HY$dCStRLIN
245 00$6880-01$aMeiji zasshi mokuji sōran /$cOkano Takeo kanshū.
260   $6880-02$aTōkyō :$bYumani Shobō,$cShōwa 60 [1985]
300   $a5 v. ;$c22 cm.
440  0$6880-03$aShoshi shomoku shirīzu ;$v21
650  0$aJapanese periodicals$vIndexes.
700 1 $6880-04$aOkano, Takeo,$d1901-
880 00$6245-01$a明治雑誌目次総覧 /$c岡野他家夫監修.
880   $6260-02$a東京 :$bゆまに書房,$c昭和60 [1985]
880  0$6440-03$a書誌書目シリ－ズ ;$v21
880 1 $6700-04$a岡野他家夫,$d1901-
988   $a20021209
906   $0OCLC

