LEADER 00619nam a2200205K  4500
001 005000825-0
005 20020606095253.2
008 880118s1860    fr            000 0 fre d
035 0 $aocm17357715
040   $aLRU$cLRU$dHLS
100 1 $aGirardin, Emile de,$d1806-1881.
245 00$aCivilisation de l'Algérie ...
260   $aParis,$bMichel Lévy frères,$c1860.
300   $a80 p.$c23 cm.
500   $aContains a reply to Mr. Girardin's work by Clément Duvernois.
651  0$aAlgeria$xHistory.
651  0$aFrance$xColonies$zAlgeria.
700 1 $aDuvernois, Clément,$d1836-1879.
988   $a20020608
906   $0OCLC

