LEADER 00948nam a2200253Ma 4500
001 005000826-9
005 20020606095253.2
008 861009s1915    pl       b    000 0 ger d
035 0 $aocm17380322
040   $aPAU$cPAU$dHLS
043   $ae-pl---
100 1 $aGładysz, Marjan von,$d1890-
245 14$aDie Landwirtschaft im Kreise Gnesen :$bunter Berücksichtigung der natürlichen, sozialen und wirtschaftlichen Verhältnisse /$cvorgelegt von marjan v. Gładysz.
260   $aPosen :$bGebr. Winiewicz,$c1915.
300   $aiv, 289 p. ;$c23 cm.
500   $aErrata slip inserted.
502   $aThesis (doctoral)--Universität Leipzig, 1914.
504   $aBibliography: p. [287]-289.
650  0$aAgriculture$xEconomic aspects$zPoland$zGniezno.
650  0$aAgriculture$xSocial aspects$zPoland$zGniezno.
651  0$aGniezno (Poland)$xEconomic conditions.
651  0$aGniezno (Poland)$xSocial conditions.
988   $a20020608
906   $0OCLC

