LEADER 00913nam a2200205Ia 4500
001 005000827-7
005 20020606095253.2
008 880126s1859    mau           000 0 eng d
035 0 $aocm17393137
040   $aMUU$cMUU$dHHG
245 02$aA complete guide to the gold mines in Kansas and Nebraska$hmicroform :$bwith a description of the shortest and only all railroad route to Kansas. To those who intend to visit the gold mines at Pike's Peak and Cherry Creek, this is of very great value ... P.K. Randall, agent.
260   $aBoston :$bRand & Avery,$c[1859]
300   $a11 p. ;$c15 cm.
500   $aWagner-Camp. Plains and Rockies, 325.
500   $a"To those who intend to visit the gold mines at Pike's Peak and Cherry Creek, this guide is of great value.
650  0$aGold mines and mining$zKansas.
650  0$aGold mines and mining$zNebraska.
700 1 $aRandall, P. K.
988   $a20020608
906   $0OCLC

