LEADER 00622nam a2200217 a 4500
001 005000828-5
005 20020606095253.2
008 950927s1994    ag       b    00010 spa d
020   $a9502008065
035 0 $aocm33291017
035 1 $aMAHL95B4019
100 2 $aMassini-Correas, Carlos I.
245 14$aLos derechos humanos en el pensamiento actual /$cCarlos I. Massini-Correas.
250   $a2. ed.
260   $aBuenos Aires :$bAbeledo-Perrott,$c[1994]
300   $a254 p. ; 18 cm.
504   $aIncludes bibliographical references.
650  0$aHuman rights.
650  0$aJurisprudence.
988   $a20020608
906   $0RLIN

