LEADER 00527nam a2200181Ia 4500
001 005000829-3
005 20020606095253.2
008 880128s1680    enk           000 0 eng d
035 0 $aocm17403700
040   $aISB$cISB$dHHG
245 02$aA Compleat catalogue of all the stitch'd books and single sheets printed ... of the Popish Plot ...
260   $a[London :$bs.n.],$c1680.
300   $a32 p. ;$c22 cm.
500   $aInterleaved.
510 4 $aWing (2nd ed.)$cC5630
650  0$aPopish Plot, 1678.
988   $a20020608
906   $0OCLC

