LEADER 00597nam a2200181Ka 4500
001 005000830-7
005 20020606095253.2
008 880128s1680    enk           000 0 eng d
035 0 $aocm17403769
040   $aISB$cISB$dHHG
245 02$aA Continuation of the compleat catalogue of stitch'd books and single sheets ... of the Popish Plot ...
260   $aLondon :$bPrinted and are to be sold at the Green Dragon ...,$c1680.
300   $a22 [i.e. 24] p.
500   $aPages 7-8 repeated in numbering.
510 4 $aWing (2nd ed.)$cC5960A.
650  0$aPopish Plot, 1678.
988   $a20020608
906   $0OCLC

