LEADER 00907nam a2200289Ia 4500
001 005000831-5
005 20020606095253.2
008 880205s1937    mau      bc   000 0 eng d
035 0 $aocm17436309
040   $aUMC$cUMC$dHFL
043   $af-dm---
050  4$aN7399.D3$bL6 1937
090   $aN7399.D3$bL6 1937
245 00$aLoan exhibition of the art of the kingdom of Benin.
260   $a[Cambridge, Mass. :$bFogg Art Museum,$c1937]
300   $a[ii], 8 leaves ;$c29 cm.
500   $aCatalog of an exhibition held at the Fogg Art Museum, April 17-30, 1937.
500   $aCaption title.
500   $aMultigraphed copy.
504   $aBibliography: leaf [ii].
650  0$aArt, African$zBenin$vExhibitions.
650  0$aArt, African$vExhibitions.
655  7$aExhibition catalogs.$2fast
650  0$aArt, Beninese$vExhibitions.
710 2 $aFogg Art Museum.
988   $a20020608
906   $0OCLC

