LEADER 00976cam a2200277 a 4500
001 005000832-3
005 20024617104250.0
008 880104r1970    ch            000 0 chi d
035 0 $aocm17466951
040   $aNN$cNN$dHkUST$dMH-HY$dCStRLIN
043   $aa-cc---
245 00$6880-01$aDa Ming lü ji jie fu li :$b[30 juan].
260   $6880-02$aTaibei Shi :$bTaiwan xue sheng shu ju,$cmin guo 59 [1970]
300   $a5 v. (2, 2070 p.) ;$c22 cm.
440  0$6880-03$aMing dai shi ji hui kan ;$v12
500   $aReprint of: Guo li zhong yang tu shu guan cang Ming Wanli jian Zhejiang guan kan ben.
650  0$aLaw$zChina.
630 00$6880-04$aMing lü.
730 02$6880-05$aMing lü.$f1970.
880 00$6245-01$a大明律集解附例 :$b[30卷].
880   $6260-02$a臺北市 :$b臺灣學生書局,$c民國59 [1970]
880  0$6440-03$a明代史籍彙刊 ;$v12
880 00$6630-04$a明律.
880 02$6730-05$a明律.$f1970.
988   $a20021127
906   $0OCLC

