LEADER 00910nam a22002177  4500
001 005000833-1
005 00000000000000.0
008 880217s1957    dcu          f000 0 eng d
010   $a   57060534 
035 0 $aocm17494452
040   $aCUY$cCUY$dHBS
050  4$aS21$b.Z3 SER. V
110 1 $aUnited States.$bCongress.$bHouse.$bCommittee on Agriculture.
245 10$aInterim report on industrial uses of agricultural products :$bhearing before the Subcommittee on Research and Extension. May 10, 1957.
260   $aWashington :$bU.S. Govt. Print. Off.,$c1957.
300   $a42 p.
500   $a"Serial V"
650  0$aChemurgy.
776 08$iOnline version:$aUnited States. Congress. House. Committee on Agriculture. Subcommittee on Research and Extension.$tInterim report on industrial uses of agricultural products.$dWashington [D.C.] : U.S. G.P.O., 1957$w(OCoLC)891601605
988   $a20020608
906   $0OCLC

