LEADER 00550nam a2200205M  4500
001 005000834-X
005 20020606095253.2
008 870121s1920    fr            000 0 fre d
035 0 $aocm17516919
040   $aEIS$cEIS$dHLS
082   $a160
100 1 $aGoblot, Edmond,$d1858-1935.
245 10$aTraite de logique /$cEdmond Goblot ; préface de Émile Boutroux.
250   $a2e éd.
260   $aParis :$bColin,$c1920.
300   $axxiii, 412 p.
504   $aIncludes bibliographical references
650  0$aLogic.
988   $a20020608
906   $0OCLC

