LEADER 00744nam a2200229K  4500
001 005000835-8
005 20020606095253.2
008 880223s1928    sp            000 0 spa d
035 0 $aocm17526240
040   $aWAU$cWAU$dHLS
043   $an-us---
090   $aLA209$b.G55 1928
100 2 $aGiner de los Ríos, Francisco,$d1839-1915.
245 10$aInformes del Comisario de Educación de los Estados Unidos,$cpor Francisco Giner.
260   $aMadrid$b[Espasa-Calpe]$c1928.
300   $aviii, 307 p.
490 1 $aHis Obras completas,$v19
610 10$aUnited States.$bBureau of Education.
650  0$aEducation$zUnited States.
800 2 $aGiner de los Ríos, Francisco,$d1839-1915.$tObras completas ;$v19.
988   $a20020608
906   $0OCLC

