LEADER 00789nam a2200265Ia 4500
001 005000836-6
005 20020606095253.2
008 880229s1965    fr            000 0 fre  
010   $a   67045953 
035 0 $aocm17555671
040   $aDLC$cAZS$dHVL
043   $ae-fr---
050 00$aKJV251$b.T68 1965
090   $aJN2303$b.T6x
100 1 $aToulemon, André.
245 10$aPortraits d'avocats :$bMoro-Giafferi, Henri-Robert, Léon Bérard, le bâtonnier Fourcade, etc.
260   $aParis :$bLibrairie Dalloz,$c1965.
300   $a172 p. ;$c22 cm.
650  0$aJudges$zFrance.
650  0$aLawyers$zFrance$vBiography.
655  7$aBiography.$2fast
700 1 $aMoro-Giafferri, Vincent de,$d1878-1956.
700 1 $aBérard, Léon,$d1876-1960.
988   $a20020608
906   $0DLC

