LEADER 01808cam a2200481Ia 4500
001 005000837-4
005 20020606095253.2
008 880315s1596    enkj          000 0 eng  
010   $anuc87839355 
035 0 $aocn612677745
035 0 $aocm25314447
035 0 $aocm17631774
040   $aDLC$cRQE$dIUL$dHHG
041 1 $aeng$hfre
043   $ae-fr---
050 14$aDC106.9$b.C723 1596
100 1 $aCommynes, Philippe de,$dapproximately 1447-1511.
240 10$aMémoires.$lEnglish
245 14$aThe historie of Philip de Commines, knight, Lord of Argenton.
260   $aImprinted at London :$bBy Ar. Hatfield for I. Norton,$c1596.
300   $a[16], 396, [2] p. :$bgeneal. tables ;$c31 cm. (fol.)
500   $aSignatures: A⁶ a² B-X⁶ Y⁴ Z⁸ Aa-Ll⁶ chi1.
500   $aTitle page border, McKerrow & Fergusson, no. 140.
500   $aTranslation of: Les mémoires de messire Philippe de Commines ... (Tchemerzine III, 462).
500   $aEdited by Thomas Danett.
510 4 $aSTC (2nd ed.)$c5602
510 4 $aMoffitt,$c3513.
510 4 $aFolger. Printed books,$c6:185
510 4 $aESTC$cS107247
510 4 $aPforzheimer$c190
651  0$aFrance$xHistory$yHouse of Valois, 1328-1589.
600 10$aCommynes, Philippe de,$dapproximately 1447-1511.
651  0$aFrance$xHistory$yHouse of Valois, 1328-1589$vEarly works to 1800.
655  7$aEarly works.$2fast
700 1 $aDanett, Thomas,$dactive 1566-1601.
700 1 $aHatfield, Arnold,$d-1612,$eprinter.
700 1 $aNorton, John,$d-1612,$ebookseller.
710 2 $aYale College.$bLibrary,$eformer owner.$5hou
752   $aEngland$dLondon.
700 1 $aDanett, Thomas,$dactive 1566-1601,$etranslator.
830   $aEarly English Books, 1475-1640,$v204.$5mic
988   $a20020608
906   $0DLC

