LEADER 01472nam a2200289I  4500
001 005000838-2
005 20140626152118.0
008 880323s1693    ne aef        000 0 dut  
010   $a   05006715 
035 0 $aocn881141334
035 0 $aocm17667597
040   $aDLC$cRQE$dRQE$dHHG
043   $ae-ne---
050 0 $aDJ411.A57$bC7
100 1 $aCommelin, Caspar,$d1667?-1731.
245 10$aBeschryvinge van Amsterdam,$bdesselfs eerste oorspronk uyt den huyse der heeren van Aemstel en Aemstellant; met een verhaal van haar leven en dappere krijgsdaden; Amsterdams' kleyne beginselen, oudheyt, bemuring, en verscheyde vergrootingen ...$cDoor Casparus Commelin ...
260   $at'Amsterdam :$bvoor Wolfgang, Waasberge, Boom, van Someren en Goethals,$cMDCXCIII [1693].
300   $a2 v.$billus., plates, plans, tables.$c33 cm.
500   $aPaged continuously; v. 1: 9 p. l., 528 p.; v. 2: 1 p. l., 529-1223, [41] p.
500   $aVol. 1 has added t.-p., engr.; title of v. 2 reads: Vervolg van de beschryving der stadt Amsterdam.
500   $aBased largely on the Beschryvinge van Amsterdam ... published in 1665 which is attributed to the editorship of T. van Domselaer.
651  0$aAmsterdam (Netherlands)$xDescription and travel$xEarly works to 1800.
651  0$aAmsterdam (Netherlands)$xHistory$xEarly works to 1800.
651  0$aAmsterdam (Netherlands)
700 1 $aRitzema, Johannes,$d1707-1794,$eformer owner.$5hou
988   $a20020608
906   $0DLC

