LEADER 00741nam a22001937  4500
001 005000839-0
005 00000000000000.0
008 880324s1949    gw a     b    000 0 ger d
035 0 $aocm17669622
040   $aEEM$cEEM$dHBS
100 1 $aDecken, Hans von der,$d1903-
245 14$aDer deutsche Gemüsebau und seine Marktaussichten.
260   $aHamburg,$aBerlin,$bP. Parey,$c1949.
300   $a84 p.$btables, diagrs.$c21 cm.
440  0$aHefte für Landwirtschaftliche Marktforschung ;$vHeft 2
500   $aArbeit aus dem Institut für Landwirtschaftliche Marktforschung an der Landwirtschaftlichen Forschungsanstalt, Braunschweig-Völkenrode. Leiter Dr. A. Hanau.
504   $aLiteraturverzeichnis: p. 83-84.
988   $a20020608
906   $0OCLC

