LEADER 00917nam a2200229Ia 4500
001 005000840-4
005 20020606095253.2
008 880325s1965    ru            000 0 rus d
035 0 $aocm17680902
040   $aCUY$cCUY$dHLS
043   $ae-ur---
050  4$aHV8959.R92$bS641 1965
090   $aHV8959.R92$bS641 1965
100 1 $aFrumenkov, G. G.$q(Georgiĭ Georgievich)
245 10$aUzniki Solovet︠s︡kogo monastyri︠a︡ :$bpoliticheskai︠a︡ ssylka v Solovet︠s︡kiĭ monastyrʹ v XVIII-XIX vekakh /$cG. G. Frumenkov.
260   $aArkhangelʹsk :$bSev.-Zap. kn. izd-vo,$c1965.
300   $a118 p. ;$c21 cm.
650  0$aPenal colonies$zRussia (Federation)
651  0$aSolovetski Islands (Russia)
776 08$iOnline version:$aFrumenkov, G.G. (Georgiĭ Georgievich).$tUzniki Solovet͡skogo monastyri͡a.$dArkhangelʹsk : Sev.-Zap. kn. izd-vo, 1965$w(OCoLC)755244932
988   $a20020608
906   $0OCLC

