LEADER 00737cam a22001937  4500
001 005000841-2
005 20030428124115.0
008 880326s1960    sz            000 0 eng d
035 0 $aocm17684551
040   $aEEM$cEEM$dHBS
090   $aHD8045$b.I5
110 2 $aInternational Labour Office.
245 14$aThe part played by legislation and collective bargaining in determining working conditions and settling labour disputes.$bFirst item on the agenda.
260   $aGeneva,$c1960.
300   $a60 p.$c30 cm.
440  0$aIASC/1960 ;$vreport 1
500   $aAt head of title: International Labour Organisation. Inter-American Study Conference on Labour-Management Relations, Montevideo, 3-12 November 1960.
988   $a20020608
906   $0OCLC

