LEADER 00603nam a2200205K  4500
001 005000842-0
005 20020606095253.2
008 880329s1836    fr f          000 0 fre d
035 0 $aocm17695142
040   $aRQE$cRQE$dHLS
090   $aSF901$b.G5 1836
100 10$aGirard, J.$q(Jean),$d1770-1852.
245 00$aTraité du pied considéré dans les animaux domestiques.
250   $a3. éd. publiée avec changemens et augmentations.
260   $aParis,$bHuzard,$c1836.
300   $a445 p.$bfold. plates.
650  0$aFoot$xDiseases.
650  0$aVeterinary medicine.
988   $a20020608
906   $0OCLC

