LEADER 00709cam a2200205Ia 4500
001 005000843-9
005 20020606095253.2
008 880406s1905    fr ac    b    000 0 fre d
035 0 $aocm17739212
040   $aEEM$cEEM$dJNA$dHLS
043   $ae-fr---
090   $aHF1222.F7$bG6
100 1 $aGodart, Justin,$d1871-
245 13$aLa juridiction consulaire à Lyon :$bla Conservation des privilèges royaux des foires, 1463-1791, le Tribunal de commerce, 1791-1905.
260   $aLyon :$bA. Rey,$c1905.
300   $a429 p. [25] leaves of plates :$bill., ports. ;$c28 cm.
504   $aIncludes bibliographical references (p. [13]-26)
650  0$aCommercial courts$zFrance$zLyon.
988   $a20020608
906   $0OCLC

