LEADER 00596nam a2200205I  4500
001 005000844-7
005 20020606095253.2
008 880406s1952    fr            000 0 fre d
035 0 $aocm17740071
035 0 $aocm17740071$zocm19440219
040   $aLUL$cLUL$dHVL
043   $ae-fr---
100 1 $aRetail, Léon.
245 10$aTechniques de l'expertise judiciaire;$cavec le concours de MM. Callandreau [et al.]
260   $aParis,$bSirey,$c1952.
300   $a438 p.$c25 cm.
490 0 $aCollection de l'expertise judiciaire
650  0$aEvidence, Expert$zFrance.
988   $a20020608
906   $0OCLC

