LEADER 00607nam a2200205I  4500
001 005000845-5
005 20020606095253.2
008 880406s1951    fr            000 0 fre  
010   $a   55029710 
035 0 $aocm17740103
040   $aDLC$cLUL$dLUL$dHVL
043   $ae-fr---
100 1 $aRetail, Léon.
245 10$aPrincipes et cadre juridique de l'expertise judiciaire;$cavec le concours de MM. Bray [et al.]
260   $aParis,$bRecueil Sirey,$c1951.
300   $a370 p.$c25 cm.
440  0$aCollection de l'expertise judiciaire
650  0$aEvidence, Expert$zFrance.
988   $a20020608
906   $0DLC

