LEADER 00603nam a2200181Ia 4500
001 005000846-3
005 20020606095253.2
008 880418s1839    gw            000 0 ger d
035 0 $aocm17806483
040   $aIXA$cIXA$dHLS
090   $aBC59$b.G624 1839
100 1 $aGockel, Christian Friedrich.
245 10$aPropädeutische Logik und hodegetik des akademischen Studiums und Lebens /$cfür Gelehrtenschulen bearbeitet von Christian Friedrich Gockel.
260   $aKarlsruhe :$bCh. Th. Groos,$c1839.
300   $axii, 269 p. ;$c22 cm.
650  0$aLogic$xStudy and teaching.
988   $a20020608
906   $0OCLC

