LEADER 01409cam a2200313Ia 4500
001 005000847-1
005 20020606095253.2
008 880422s1651    fr            000 0 fre d
035 0 $aocm17832399
040   $aNOC$ebdrb$cNOC$dHHG
100 1 $aCondé, Louis,$cprince de,$d1621-1686.
245 13$aLa declaration de son altesse royalle sur le sujet du discours leu au palais royal .... :$bensemble la response de monsievr le prince presentée au parlement ... le 19 aoust, 1651.
246 3 $aResponse de mon seivr le prince av discovrs de la reine.
260   $aA Paris :$bChez Nicolas Vivenay ...,$c1651.
300   $a16 p. ;$c21 cm. (4to)
500   $aTitle page vignette.
500   $aSignatures: A-D².
500   $aCondé's justification for his actions.
500   $aThis issue has the following points: caption (p.3) begins "Response"; p. 5-6 are numbered; p. 9 line 1 reads: "m'auoir esté"; p. 12 misnumbered 11; p. 15 line 8 reads: "Quant aux Regiments".
500   $aThe item is actually as the caption title states "Response de mon sievr le prince av discovrs de la reine."
500   $aContains only Condé's reply.
510 4 $aMoreau$c890.
600 10$aCondé, Louis,$cprince de,$d1621-1686.
600 10$aMazarin, Jules,$d1602-1661.
650  0$aFronde.
651  0$aFrance$xHistory$yLouis XIV, 1643-1715.
752   $aFrance$dParis.
988   $a20020608
906   $0OCLC

