LEADER 00826cam a22002411a 4500
001 005000848-X
005 20050919144714.0
008 880427s1928    miu           000 0 eng d
035 0 $aocm17859997
040   $aEYW$cEYW$dHBS
130 0 $aDetroit news.
245 10$aFord Brazil project.
260   $aDetroit :$bDetroit News,$c1928.
300   $a27 p. ;$c26 cm.
500   $a"A series of articles printed in The Detroit news, November 4 to November 9, 1928, and written by A.M. Smith, Staff Correspondent." Cf. [3].
500   $aPhotostat.
610 20$aFord Motor Company.
610 20$aFord Motor Company$vPhotographs.
650  0$aRubber industry and trade$zBrazil.
650  0$aRubber industry and trade$zBrazil$vPhotographs.
700 1 $aSmith, A. M.$q(Arthur Maxson),$d1873-1962.
988   $a20020608
906   $0OCLC

