LEADER 01021cam a2200265 a 4500
001 005000849-8
005 00000000000000.0
008 880504s1965    miu          s000 0 eng d
035 0 $aocm17891445
040   $aRQF$cRQF$dAGL$dOCL$dHBS
043   $an-us-mi
072   $aE100
100 1 $aLoomis, Ralph A.$q(Ralph Arthur),$d1922-
245 10$aWorking in two worlds -- farm and factory /$cby Ralph A. Loomis.
260   $aEast Lansing :$bMichigan State University, Agricultural Experiment Station,$c[1965].
300   $a12 p. ;$c28 cm.
490 1 $aResearch report / Michigan State University, Agricultural Experiment Station ;$v32
500   $aCaption title.
504   $aBibliography: p. 11.
650  0$aFarmers$zMichigan$xEconomic conditions.
650  0$aFarm income$zMichigan.
710 2 $aMichigan State University.$bAgricultural Experiment Station.
830  0$aResearch report from the Michigan State University Agricultural Experiment Station, East Lansing ;$v32.
988   $a20020608
906   $0OCLC

