LEADER 00981cas a22002417a 4500
001 005000850-1
005 20020606095253.2
008 880506u19629999be uu         0    0fre  
010   $asf 88091298 
035 0 $aocm17915453
040   $aDLC$cDLC$dNST$dHLS
042   $amsc
050 00$aWMLC L 83/6137
245 00$aRapport sur la situation énergétique de la communauté et perspectives d'approvisionnement et de consommation d'énergie dans la communauté en ... /$cHaut autorité de la Communauté européenne du charbon et de l'acier, Groupe de travail interexécutif pour les questions de politique énergétique.
260   $a[Brussels?] :$bLe Groupe,$c1962-
300   $av.
362 0 $a1 (1962)-
500   $aTitle from cover.
515   $aNo more published?
690  9$aPower resources$zEurope.$5wid
710 2 $aEuropean Coal and Steel Community.$bGroupe de travail interéxecutif pour les questions de politique énergétique.
988   $a20020608
906   $0DLC

