LEADER 00632nam a2200193K  4500
001 005000851-X
005 20020606095253.2
008 880509s1958    ru a          000 0 rus d
035 0 $aocm17925911
040   $aMUU$cMUU$dHLS
090   $aLA691.7$b.F7
100 1 $aFrumov, Solomon Abramovich,$ecomp.
245 10$aParizhskai︠a︡ Kommuna v borʹbe za demokratizat︠s︡ii︠u︡ shkoly;$bdokumenty i materialy.$cIstoricheskiĭ ocherk S. A. Frumova.
260   $aMoskva,$c1958.
300   $a262 p.$billus.
650  0$aEducation$zFrance$xHistory.
651  0$aParis (France)$xHistory$yCommune, 1871.
988   $a20020608
906   $0OCLC

