LEADER 01269cam a2200265Ia 4500
001 005000852-8
005 20020606095253.2
008 880520s1651    fr            000 0 fre d
035 0 $aocm17977355
040   $aNOC$ebdrb$cNOC$dHHG
100 1 $aCondé, Charlotte Marguerite de Montmorency,$cprincesse de,$d1594-1650.
245 10$aCodicille et svite dv testament de tres-honorable :$btres illustre, & tres-puissante princesse, Charlotte Margveritte de Montmorency, princesse dovairiere de Condé.... decedée à Chastillon sur Loin le deuxiéme decembre 1650.
260   $aA Paris :$b[s.n.],$c1651.
300   $a12 p. ;$c22 cm. (4to)
500   $aSignatures: A-C².
500   $aSigned on p. 9: Pellavt.
500   $aAnother edition of Moreau 705 with a "Codicille Second" (p. 9-12) dated November 13 and also signed by Pellavt. Cf. Moreau Add. 64.
500   $aContains 2 codicils, the 1st dated 31 Oct., and the 2d, 13 Nov. 1650; both are signed: Pellavt.
510 4 $aMoreau$c705.
600 10$aCondé, Charlotte Marguerite (de Montmorency)$cprincesse de,$d1594-1650.
600 10$aColigny, Elisabeth Angélique de Montmorency, duchesse de Châtillon,$d-1695.
700 1 $aPellaut, Philippe.
752   $aFrance$dParis.
988   $a20020608
906   $0OCLC

