LEADER 00804nam a22002177  4500
001 005000853-6
005 00000000000000.0
008 880523s1951    xx a          000 0 ger d
035 0 $aocm17988410
040   $aEEM$cEEM$dHBS
041 0 $ager$beng
100 1 $aMetzdorf, Hans Jürgen.
245 10$aBestimmungsgründe des trinkmilchverbrauchs$b(Möglichkeiten der Verbrauchsförderung)
260   $aBerlin,$aHamburg,$bP. Parey,$c1951.
300   $a82 p.$btables, diagrs.,$c21 cm.
440  0$aHeft für landwirtschaftliche Marktforschung ;$vHeft 5
500   $aEnglish summary: 65-68.
500   $aArbeit aus dem Institut für landwirtschaftliche Marktforschung an der Forschungsanatalt für landwirtschaft, Braunschweig-Völkenrode.
650  0$aMilk trade$zGermany.
988   $a20020608
906   $0OCLC

