LEADER 00635nam a2200181Ki 4500
001 005000854-4
005 20020606095253.2
008 880601s1948    gw            000 0 ger d
035 0 $aocm18029012
040   $aRSG$cRSG$dHFL
100 1 $aStrauss, Gerhard.
245 00$aFestgabe an Carl Hofer zum siebzigsten Geburtstag, 11. Oktober 1948 /$c[begonnen von Adolf Behne ; hrsg. v. Gerhard Strauss, gemeinsam mit Heinrich Ehmsen, Herman Henselmann, Erner E. Stichnote]
260   $aPotsdam :$bVerlag von Eduard Stichnote,$c1948.
300   $a60 p.
500   $aEd. of 250.
600 10$aHofer, Carl,$d1878-1955.
988   $a20020608
906   $0OCLC

