LEADER 00641cam a2200205   4500
001 005000855-2
005 00000000000000.0
008 880603s1958    enka          000 0 eng d
035 0 $aocm18036539
040   $aRQI$cRQI$dHBS
050  4$aTS1547$b.B35
072  0$aS100
110 2 $aBarclays Bank (Dominion, Colonial, and Overseas)
245 10$aWool.
260   $aLondon,$bBarclays Bank D.C.O.,$c1958.
300   $a147 p.$bill. (some col.)$c21 cm.
650  0$aWool.
776 08$iOnline version:$aBarclays Bank (Dominion, Colonial, and Overseas)$tWool.$dLondon, Barclays Bank D.C.O., 1958$w(OCoLC)891905440
988   $a20020608
906   $0OCLC

