LEADER 00564nam a2200193I  4500
001 005000856-0
005 20020606095253.2
008 880604s1913    fr a          000 0 fre  
010   $a   14013420 
035 0 $aocm18039249
040   $aDLC$cEEM$dHLS
050 0 $aAC25$b.G3
100 1 $aGagnon, Alphonse,$d1851-1932.
245 10$aQuestions d'hier et d'aujourd'hui.
260   $aLille [etc.]$bDesclée, De Brouwer et cie; [etc., etc.]$c1913.
300   $a304 p., 2 ℓ.$billus.$c19 cm.
500   $aAt head of title: Alphonse Gagnon.
988   $a20020608
906   $0DLC

