LEADER 01398nam a2200313Ia 4500
001 005000857-9
005 20020606095253.2
008 880606s1621    gw            001 0 lat d
035 0 $aocm18043721
040   $aJFS$ebdrb$cJFS$dHMZ
050  4$aPA3892.G6$bC65 1615
090   $aPA3892.G6$bC65 1615
245 00$aIn libros Ethicorvm Aristotelis ad Nicomachvm, aliqvot Conimbricensis cursus disputationes :$bin qvibvs præcipva qvædam Ethicæ disciplinæ capita continentur.
246 3 $aIn libros Ethicorum Aristotelis ad Nicomachum, aliquot Conimbricensis cursus disputationes.
246 3 $aCommentarii Collegii Conimbricensis Societatis Jesu, in libros Ethicorum.
250   $aQvarta hac in Germania editione correctiores editæ.
260   $aColoniæ :$bImpensis Hæred. Lazari Zetzneri,$c1621.
300   $a[5] p., 94 columns, [4] p. ;$c26 cm. (4to)
500   $aOriginally published under title: Commentarii Collegii Conimbricensis Societatis Jesu, in libros ethicorum.
500   $aSignatures: 3a-3g⁴
500   $aTitle vignette (printer's device); initials; sidenotes.
500   $aText in numbered double columns.
500   $aIncludes index.
510 4 $aBacker-Sommervogel,$cv. 2, col. 1275, no. 5
600 00$aAristotle.$tNicomachean ethics.
710 2 $aColégio das Artes (Coimbra, Portugal)
752   $aGermany$dCologne.
988   $a20020608
906   $0OCLC

