LEADER 01070cam a2200277 a 4500
001 005000858-7
005 20024617104250.0
008 880607s1982    cc abf   b    000 0 chi d
035 0 $aocm18045255
040   $aPPiU$cPPiU$dMH-HY$dCStRLIN
043   $aa-cc---
100 1 $6880-01$aMa, Yuqing.
245 10$6880-02$aHong jun chang zheng zhong di qi ci hui shi /$cMa Yuqing bian.
250   $6880-03$aDi 1 ban.
260   $6880-04$aLanzhou :$bGansu ren min chu ban she :$bGansu sheng xin hua shu dian fa xing suo fa xing,$c1982.
300   $a88 p., [8] p. of plates (some folded) :$bill., map ;$c22 cm.
500   $aXerox copy.
504   $aIncludes bibliographical references.
651  0$aChina$xHistory$yLong March, 1934-1935.
610 10$aChina.$bZhongguo gong nong hong jun$xHistory.
880 1 $6100-01$a马玉卿.
880 10$6245-02$a紅军长征中的七次会师 /$c马玉卿编.
880   $6250-03$a第1版.
880   $6260-04$a兰州 :$b甘肃人民出版社 :$b甘肃省新華書店发行所发行,$c1982.
988   $a20021127
906   $0OCLC

