LEADER 01151cam a2200277Ia 4500
001 005000859-5
005 20020606095253.2
008 880610s1649    fr            000 0 fre d
035 0 $aocm18065102
040   $aNOC$ebdrb$cNOC$dHHG
100 1 $aCondé, Charlotte Marguerite de Montmorency,$cprincesse de,$d1594-1650.
245 10$aLettre de madame la princesse dovairiere de Condé$benvoyée av prince de Condé son fils, sur les armes qu'il a prise injustement contre la France.
250   $a"Jouxte la coppie imprime par Michel Mettayer."
260   $aA Paris :$bChez Iean Mvsnier ...,$c1649.
300   $a7, [1] p. (the last page blank) ;$c22 cm. (4to)
500   $aTitle page vignette.
500   $aSignatures: A-B².
500   $aFirst published as Remonstrance faite par madame la princesse douairière de Condé au prince de Condé, son fils ...
500   $aPublished before March 30, 1649. Cf. Moreau III, 326.
510 4 $aMoreau$c1952.
600 10$aCondé, Louis,$cprince de,$d1621-1686.
650  0$aFronde.
651  0$aFrance$xHistory$yLouis XIV, 1643-1715.
752   $aFrance$dParis.
988   $a20020608
906   $0OCLC

