LEADER 01355cam a2200349 a 4500
001 005000860-9
005 20024617123543.0
008 880204s1974    ko       b    001 0 kor d
035 0 $aocm18085596
040   $aNN$cNN$dCLSU$dMH-HY$dCStRLIN
041 0 $akor$beng
043   $aa-kr---
100 1 $6880-01$aYi, Ki-baek.
245 10$6880-02$aSilla chŏngchʻi sahoesa yŏnʾgu /$cYi Ki-baek chŏ.
250   $6880-03$aChʻopʻan.
260   $6880-04$aSŏul Tʻŭkpyŏlsi :$bIlchogak,$c1974.
300   $axi, 326 p. ;$c22 cm.
490 0 $6880-05$aSŏgang Taehakkyo Inmun Kwahak Yŏnʾguso inmun yŏnʾgu chŏnʾgan ;$vche 11-chip
504   $aIncludes bibliographical references and index.
500   $aSummary in English with added t.p.: Studies in Silla politico-social history.
500   $aTable of contents also in English.
651  0$aSilla (Kingdom)$xPolitics and government.
651  0$aSilla (Kingdom)$xNobility.
651  0$aKorea$xHistory$yTo 935.
740 0 $aStudies in Silla politico-social history.
880 1 $6100-01$a李基白.
880 10$6245-02$a新羅政治社會史研究 /$c李基白著.
880   $6250-03$a初版.
880   $6260-04$a서울特别市 :$b一潮閣,$c1974.
880 0 $6490-05$a西江大學校人文科學研究所人文研究專刊 ;$v第11輯
988   $a20021207
906   $0OCLC

