LEADER 01233nam a2200265 a 4500
001 005000861-7
005 00000000000000.0
008 880615s1909    dcua         f000 0 eng d
010   $a   09035644 
035 0 $aocm18092043
040   $aDLC$cFTC$dHBS
050 0 $aHD9134$b.A4 1909
110 1 $aUnited States.$bBureau of Corporations.
245 10$aPrices of tobacco :$ba report on the prices of tobacco transmitted in response to Senate resolution no. 44, by Senator Beveridge /$cprepared by the Commissioner of Corporations of the Department of Commerce and Labor.
260   $aWashington :$bG.P.O.,$c1909.
300   $a183 p. :$bill. ;$c23 cm.
490 1 $aDocument / 61st Congress, 1st session, Senate ;$vno. 78
500   $aMay 14, 1909.
500   $a"June 5, 1909 read; Referred to the Committee on Finance and ordered to be printed with illustrations."
650  0$aTobacco industry.
830  0$aSenate document (United States. Congress. Senate) ;$v61st Congress, no. 78.
830  0$aHarvard social history/business preservation microfilm project.$nProject 3 ;$v30085.$5mmf
830  0$aHarvard social history/business preservation microfilm project.$nProject 3 ;$v30085.$5mmf
988   $a20020608
906   $0DLC

