LEADER 00919nam a22002417a 4500
001 005000862-5
005 20120522195900.0
008 880617s1922    dcu      s    000 0 eng d
035 0 $aocm18107180
040   $aCUY$cCUY$dHBS$dHMM
100 1 $aPirtle, T. R.$q(Thomas Ross),$d1870-
245 12$aA handbook of dairy statistics /$cby T.R. Pirtle.
260   $aWashington, D.C. :$bG.P.O.,$c1922.
300   $a72 p. ;$c20 cm.
490 1 $aA.I. ;$v37
500   $a"Contribution from the Bureau of Animal Industry."
650  0$aDairying$vStatistics.
710 1 $aUnited States.$bBureau of Animal Industry.
810 1 $aUnited States.$bBureau of Animal Industry.$tA. I. ;$v37.
830  0$aHarvard social history/business preservation microfilm project.$nProject 3 ;$v30182.$5mmf
830  0$aHarvard social history/business preservation microfilm project.$nProject 3 ;$v30182.$5mmf
988   $a20020608
906   $0OCLC

