LEADER 00985nam a22002417  4500
001 005000863-3
005 20120522195900.0
008 880617s1928    dcua     s   f000 0 eng d
035 0 $aocm18107357
040   $aCUY$cCUY$dHBS
090   $aSF235$b.P5 1928
100 1 $aPirtle, T. R.$q(Thomas Ross),$d1870-
245 12$aA handbook of dairy statistics (revision of Bureau of Animal Industry Publication A.I. 37, 1922) /$cby T.R. Pirtle.
260   $aWashington, D.C. :$bG.P.O.,$c1928.
300   $aii, 109 p. ;$c18 cm.
500   $aAt head of title: United States. Department of Agriculture.
650  0$aDairying$vStatistics.
710 1 $aUnited States.$bBureau of Animal Industry.
710 1 $aUnited States.$bDepartment of Agriculture.
830  0$aHarvard social history/business preservation microfilm project.$nProject 3 ;$v30099.$5mmf
830  0$aHarvard social history/business preservation microfilm project.$nProject 3 ;$v30099.$5mmf
988   $a20020608
906   $0OCLC

