LEADER 01104cam a2200277 a 4500
001 005000864-1
005 20024617123543.0
008 880627s1973    ko b     b    001 0 kor d
035 0 $aocm18138268
040   $aInU$cInU$dOCoLC$dMH-HY$dCStRLIN
043   $aa-kr---
100 1 $6880-01$aPaek, Nak-chun,$d1895-1985.
240 10$aHistory of Protestant missions in Korea, 1832-1910.$lKorean
245 10$6880-02$aHanʾguk Kaesinʾgyo sa, 1832-1910 /$cPaek Nak-chun chŏ.
260   $6880-03$aSŏul Tʻŭkpyŏlsi :$bYŏnse Taehakkyo Chʻulpʻanbu,$c1973.
300   $axiv, 467 p. :$bmap ;$c25 cm.
500   $aTranslation of : History of Protestant missions in Korea, 1832-1910.
504   $aIncludes bibliographical references and index.
651  0$aKorea (South)$xChurch history.
650  0$aMissions$zKorea (South)
650  0$aProtestant churches$xMissions$zKorea (South)
880 1 $6100-01$a白樂濬,$d1895-
880 10$6245-02$a韓國改新敎史, 1832-1910 /$c白樂濬著.
880   $6260-03$a서울特別市 :$b延世大學校出版部,$c1973.
988   $a20021207
906   $0OCLC

