LEADER 00459nam a2200169K  4500
001 005000865-X
005 20020606095253.2
008 880706s1955    no a          000 0 nor d
035 0 $aocm18178344
040   $aWAU$cWAU$dHFL
100 1 $aHeiberg, Jean Hjalmar Dahl,$d1884-
245 10$aJean Heiberg.$cTekst av Bjarne Rise.
260   $aOslo,$bDreyer,$c[c1955]
300   $a66 p.$billus. (part col.)
700 1 $aRise, Bjarne,$d1904-
988   $a20020608
906   $0OCLC

