LEADER 00723nam a2200217K  4500
001 005000866-8
005 20090712194628.0
008 880706s1898    at a          000 0 eng d
035 0 $aocm18179801
040   $aCUY$cCUY$dHMZ
090   $aQL391.N4$bC68
100 1 $aCobb, Nathan Augustus,$d1859-1932.
245 00$aExtract from Ms. report on the parasites of stock:$cby N.A. Cobb ...
260   $aSydney,$bW.A. Gullick,$c1898.
300   $a1 p. l., 62 p.$billus.$c24 cm.
490 1 $aMiscellaneous publication ;$vno. 215
500   $aOn cover: Nematode parasites ...
650  0$aNematodes.
830  0$aMiscellaneous publication (New South Wales. Department of Agriculture) ;$vno. 215.
988   $a20020608
906   $0OCLC

