LEADER 01567ccm a2200289Ia 4500
001 005000867-6
005 20020606095253.2
008 880707s1538    it cbz   hi    n    lat d
035 0 $aocm18182573
040   $aCLU$cCLU$dHHG
090   $aZ233.I8$bC688 1538
245 00$aCompe[n]dium musices confectu[m] ad faciliore[m] instructione[m] cantum chorale[m] discentiu[m] :$bnecno[n] ad i[n]troductione[m] huius libelli : [qui] Cantorinus intitulat[ur] : [omnibus] diuino cultui deditis perutilis [et] necessari[us] : vt in tabula hic immediate seque[n]ti latius apparet.
246 3 $aCantorinus.
260   $aVenetijs :$bApud Petru[s] Liechtenstein Coloniensem Germanum,$c1538.
300   $a[16], 88 leaves of music :$bill., ;$c16 cm. (8vo)
500   $aPublisher's statement from colophon.
500   $aSignatures: A-N⁸.
500   $aGregorian notation.
500   $aLeaves printed on both sides.
500   $aPrinted in red and black.
500   $aWoodcuts: ill., initials, printer's devices.
500   $aColophon: Finis Cantorini Romani: Anno Salutis. 1538. Venetijs. Apud Petrũ Liechtenstein Coloniensem Germanum. Registrum. A ... N. Omnia sunt quaterna.
500   $aThe Cantorinus has caption: Cantorinus. ([Romani cantus vtilissimũ cõpẽdiolũ: omnia diuino officio persoluẽdo cõcernẽtia in se includens: clericis oĩbus ... diuino cultui dedicatis permaxime necessarium.
500   $aRubricated; gothic type; initials. Printer's mark at end.
650  0$aGregorian chants$xInstruction and study.
988   $a20020608
906   $0OCLC

