LEADER 01081nam a2200265I  4500
001 005000868-4
005 20020606095253.2
008 880720s1902    fr            000 0 fre  
010   $a   13014162 
035 0 $aocm18240497
040   $aDLC$cMUM$dHVL
043   $ae-fr---
050 00$aKJV8650$b.M67 1902
090   $aJN2891$b.M6
100 2 $aMorizot-Thibault, Charles,$d1855-1926.
245 10$aDe l'action du pouvoir sur les magistrats chargés de l'instruction criminelle,$cpar Ch. Morizot-Thibault ...
260   $aParis,$bA. Chevalier-Marescq & cie,$c1902.
300   $a2 p. l., iii, [3]-151 p.$c25 cm.
500   $a"Extrait de la Revue du droit public et de la science politique en France et à l'étranger."
610 10$aFrance.$bMinistère public.
650  0$aCriminal procedure$zFrance.
650  0$aJudges$zFrance.
776 08$iOnline version:$aMorizot-Thibault, Charles, 1855-1926.$tDe l'action du pouvoir sur les magistrats chargés de l'instruction criminelle.$dParis, A. Chevalier-Marescq & cie, 1902$w(OCoLC)902976299
988   $a20020608
906   $0DLC

