LEADER 00803nam a2200193Ka 4500
001 005000869-2
005 20020606095253.2
008 880721s1842    it            000 0 fre d
010   $a   33031789 
035 0 $aocm18249461
040   $aDPL$cDPL$dHHG
090   $aTL620$bC728c
100 1 $aComaschi, Antoni,$d-1845.
245 10$aCenno sull'aereostato dell' aereonauta Antonio Comaschi bolognese esposto nell'ottobre 1842 nel nobil Teatro di Apollo,$bche venne gratuitamente concesso dalla magnanimita' di s.e. il principe d. Alessandro Torlonia, insigne protettore delle belle arti, in questa metropoli meritamente acclamato /$cby Antonio Comaschi.
260   $aRoma :$bTip. della Minerva,$c[1842]
300   $a43, [1] p. :$bfold. front. ;$c17 cm.
650  0$aBalloons.
988   $a20020608
906   $0OCLC

