LEADER 00934cam a2200277 a 4500
001 005000870-6
005 20024617123543.0
008 880721s1975    ko a     b    001 0 kor  
010   $a76825760
035 0 $aocm18250124
040   $aDLC$cInU$dMH-HY$dCStRLIN
043   $aa-kr---
050 00$aBL2230$b.C39
100 1 $6880-01$aChang, Chu-gŭn,$d1925-
245 10$6880-02$aHanʾguk ŭi hyangtʻo sinang /$cChang Chu-gŭn chŏ.
260   $6880-03$aSŏul Tʻŭkpyŏlsi :$bŬryu Munhwasa,$c1975.
300   $a260 p. :$bill.$c18 cm.
490 0 $6880-04$aŬryu munʾgo ;$v190
504   $aIncludes bibliographical references and index.
651  0$aKorea$xReligious life and customs.
880 1 $6100-01$a張籌根,$d1925-
880 10$6245-02$a韓國의鄉土信仰 /$c張籌根著.
880   $6260-03$a서울特別市 :$b乙酉文化社,$c1975.
880 0 $6490-04$a乙酉文庫 ;$v190
988   $a20021207
906   $0DLC

