LEADER 00615nam a2200205K  4500
001 005000871-4
005 20020606095253.2
008 880727r19131913nju           000 0 eng d
035 0 $aocm18275572
040   $aCLU$cCLU$dHLS
090   $aLB1131$b.G54
100 1 $aGoddard, Henry Herbert,$d1866-1957.
245 10$aStandard method for giving the Binet test.
260   $a[Vineland, N.J.,$bThe Training School,$c1913]
300   $a[8] p.
490 0 $aReprinted from the Training School bulletin,$vvol. x, no. 2, April, 1913
500   $aCaption title.
650  0$aBinet-Simon Test.
988   $a20020608
906   $0OCLC

