LEADER 01023nas a2200241I  4500
001 005000872-2
005 20020606095253.2
008 880730d19641975fr uu p       0    0fre d
035 0 $aocm18293487
040   $aEEM$cEEM$dHLS
090   $aDC701$b.E8
245 00$aÉtudes de la région parisienne.
260   $aParis$bSociété d'études historiques géographiques et scientifiques de la région parisienne.
300   $av.$bill.$c24 cm.
362 0 $aNouv. sér. 4-48; 1964-1975.
550   $aPublished by Société d'études historiques, geographiques et scientifiques de la région parisienne.
651  0$aParis (France)$xSocial conditions$vPeriodicals.
651  0$aParis (France)$xHistory$vPeriodicals.
651  0$aParis (France)$xHistory$xSocieties, etc.
710 2 $aSociété d'études historiques géographiques et scientifique de la région parisienne.
780 00$tBulletin de la Société d'études historiques géographiques et scientifique de la région parisienne.
988   $a20020608
906   $0OCLC

