LEADER 01060nas a2200241I  4500
001 005000873-0
005 20020606095253.2
008 880730d19261964fr uu p       0    0fre d
035 0 $aocm18293489
040   $aEEM$cEEM$dHLS
090   $aDC701$b.E8
245 00$aBulletin de la Société d'études historiques, géographiques et scientifiques de la region parisienne.
260   $aParis, Société d'études historiques, géographiques et scientifiques de la region parisienne.
300   $av.$bill.$c24 cm.
362 0 $a1-36 année, (No. 1-115), 1927-1962; Nouv. sér. no. 1-3, 1964.
550   $aPublished by Société d'études historiques geographiques et scientifiques de la région parisienne.
651  0$aParis (France)$xSocial conditions$vPeriodicals.
651  0$aParis (France)$xHistory$vPeriodicals.
651  0$aParis (France)$xHistory$xSocieties, etc.
710 2 $aSociété d'études historiques, géographiques et scientifiques de la région parisienne.
785 00$tÉtudes de la région parisienne.
988   $a20020608
906   $0OCLC

