LEADER 01238cam a2200277 a 4500
001 005000874-9
005 20024617123543.0
008 880801s1971    ko acf        000 0bkor d
035 0 $aocn227708490
035 0 $aocm18294876
040   $aPPWe$cPPWe$dOCoLC$dMH-HY$dCStRLIN
100 1 $6880-01$aKim, Choong Nam.
245 10$6880-02$aSunʾgyoja Chu Ki-chʻŏl Moksa saengae :$bchindallae pʻil ttae kabŏrin saram /$cKim Chʻung-nam chŏ.
260   $6880-03$a[Sŏul] :$bPaekhap Chʻulpʻansa,$c1971.
300   $a282 p., [4] leaves of plates :$bill., ports. ;$c19 cm.
500   $aOn verso of t.p.: He left when the azalea bloomed, the life of the martyred minister, Ki Chul Choo - by Paul Choongnam Kim.
500   $aText in Korean, added t.p. in English.
600 10$6880-04$aChu, Ki-chʻŏl,$d1897-1944.
650  0$aChristian martyrs$zKorea$vBiography.
740 0 $aHe left when the azalea bloomed, the life of the martyred minister, Ki Chul Choo.
880 1 $6100-01$a김충남.
880 10$6245-02$a순교자주기철목사생애 :$b진달래필때가버린사람 /$c김충남저.
880   $6260-03$a[서울] :$b백합출판사,$c1971.
880 10$6600-04$a주기철,$d1897-1944.
988   $a20021207
906   $0OCLC

