LEADER 01161cam a2200265Ia 4500
001 005000875-7
005 20020606095253.2
008 880804s1650    fr            000 0 fre d
035 0 $aocm18312068
040   $aNOC$ebdrb$cNOC$dHHG
100 1 $aCondé, Charlotte Marguerite de Montmorency,$cprincesse de,$d1594-1650.
245 10$aReqveste de madame la princesse doüairiere de Co[n]dé,$bpour sa seureté dans la ville de Paris, & pour la justification de messieurs les princes ses enfans : presentée à nosseigneurs de Parlement.
260   $a[Paris? :$bs.n.],$c1650.
300   $a6, [2] p. (the last page blank) ;$c23 cm. (4to)
500   $aSignatures: A-B².
500   $aAppeal by the princess de Condé for safe passage to Parlement to plead for her children, Condé and Conti.
510 4 $aMoreau$c3477.
600 10$aCondé, Charlotte Marguerite de Montmorency,$cprincesse de,$d1594-1650.
600 10$aCondé, Louis,$cprince de,$d1621-1686.
600 10$aConti, Armand de Bourbon,$cprince de,$d1629-1666.
650  0$aFronde.
651  0$aFrance$xHistory$yLouis XIV, 1643-1715.
752   $aFrance$dParis.
988   $a20020608
906   $0OCLC

