LEADER 00679cam a2200193I  4500
001 005000876-5
005 20020606095253.2
008 880804s1900    fr            000 0 fre d
035 0 $aocm18312867
040   $aCUY$cCUY$dOCL$dHLS
100 1 $aGirard, Jules,$d1825-1902.
245 10$aÉtudes sur la poésie grecque...
250   $a2e. éd.
260   $aParis,$c1900.
300   $a353 p.$c19 cm.
505 0 $a-Epicharme.--Pindare.--L'Hégélianisme dans l'interpretation de l'Antigone de Sophocle.--La pastorale dans Théocrite.--L'Alexandrinisme: 1. La querelle de Callimaque et d'Apollonius. 2. La Médée d'Apollonius.
650  0$aGreek poetry.
988   $a20020608
906   $0OCLC

