LEADER 01069nam a2200313Ia 4500
001 005000877-3
005 20020606095253.2
008 880818s1876    nyu      b    000 0 eng d
020   $a0665624069
035 0 $aocn208553592
035 0 $aocm18369591
035 1 $aCTRG95B838
035 1 $zMAHGAYW59131B
040   $aCaOOCIHM$cUMI$dUMI$dHLS
043   $ae-yu---$aa-tu---
090   $aDR341$b.G52
100 1 $aGladstone, W. E.$q(William Ewart),$d1809-1898.
245 14$aThe Turco-Servian war :$bBulgarian horrors and the question of the East /$cby W.E. Gladstone.
246 3 $aTurco Servian War.
260   $aNew York ;$aMontreal :$bLovell, Adam, Wesson,$c1876.
300   $a39 p.
500   $aIncludes publisher's list.
500   $aReproduction of original in: Québec (Québec). Legislature.
504   $aIncludes bibliographical references.
651  0$aSerbia$xHistory$y1804-1918.
651  0$aTurkey$xHistory$y1829-1878.
830  0$aWestern books, The Middle East from the rise of Islam ;$vfiche 969.$5mic
988   $a20020608
906   $0RLIN

