LEADER 00612nam a2200229I  4500
001 005000878-1
005 20020606095253.2
008 880825s1953    it a          000 0 ita  
010   $a   53039839 /L
035 0 $aocm18399438
040   $aDLC$cEEM$dHLS
050 0 $aDG571$b.G213
100 1 $aGambetti, Fidia.
245 10$a1919 -1945 :$binchiesta sul fascismo.
246 3 $aInchiesta sul fascismo.
250   $a1. ed.
260   $aMilano :$bMastellone-editore,$c1953.
300   $a350 p.$billus.$c21 cm.
650  0$aFascism$zItaly.
651  0$aItaly$xHistory$y1922-1945.
988   $a20020608
906   $0DLC

