LEADER 00743cam a2200229Ia 4500
001 005000879-X
005 20020606095253.2
008 880825s1944    quc      b    000 0 fre d
035 0 $aocm18399882
040   $aVKC$cVKC$dBJO$dHLS
090   $aBQV231.C18$bG3
100 1 $aGagnon, Édouard,$d1918-2007.
245 03$aLa censure des livres /$cpar Edouard Gagnon.
260   $aQueb́ec :$bUniversité Laval,$c1944.
300   $axxix, 223 p. ;$c24 cm.
440  4$aLes thèses canoniques de Laval ;$vthèse no. 3
502   $aThesis (J.C.D.)--Université Laval.
504   $aIncludes bibliographical references (p. [xxiii]-xxix).
650  0$aCensorship (Canon law)
650  0$aProhibited books (Canon law)
988   $a20020608
906   $0OCLC

