LEADER 00723nam a2200217K  4500
001 005000880-3
005 20020606095253.2
008 880826s1973    it f          000 0 ita d
035 0 $aocm18405090
040   $aEEM$cEEM$dHLS
090   $aDG577$b.F78
100 1 $aFrulli, Franco,$d1927-
245 13$aIl dialogo del 7 [i.e. sette] maggio '72 [i.e. settantadue].$bPremesse, svolgimento, effetti. In appendice dichiarazioni di Fanfani e Forlani.
260   $a[Firenze]$bLibreria editrice fiorentina$c[1973]
300   $a231 p.$bplates.$c20 cm.
600 10$aFanfani, Amintore.
600 10$aForlani, Arnaldo.
650  0$aElections$zItaly.
651  0$aItaly$xPolitics and government$y1945-
988   $a20020608
906   $0OCLC

