LEADER 00560nam a2200181Ia 4500
001 005000881-1
005 20020606095253.2
008 880831s1850    fr            000 0 fre d
035 0 $aocm18431688
040   $aOKU$cOKU$dHLS
100 1 $aGirardin, Emile de,$d1806-1881.
245 12$aL'abolition de la misère par l'élévation des salaires :$blettres a M. Thiers.
260   $aParis :$bL'administration de librairie,$c1850.
300   $a96 p. ;$c22 cm.
650  0$aWages$zFrance.
650  0$aCost and standard of living$zFrance.
988   $a20020608
906   $0OCLC

