LEADER 00948nam a2200253Ia 4500
001 005000882-X
005 20070530171734.0
008 880907s1845    enk     s     000 0 eng d
035 0 $aocm18453393
040   $aDLM$cGKR$dHLS
043   $ae-uk---
090   $aHB161$b.G64 no. 34219
100 1 $aGladstone, W. E.$q(William Ewart),$d1809-1898.
245 10$aRemarks upon recent commercial legislation :$bsuggested by the expository statement of the revenue from customs, and other papers lately submitted to Parliament /$cby the Right Hon. W.E. Gladstone.
260   $aLondon :$bJ. Murray,$c1845.
300   $a65 p. ;$c22 cm.
500   $aGoldsmiths'-Kress no. 34219.
650  0$aTariff$zGreat Britain.
651  0$aGreat Britain$xCommercial policy.
787 1 $w(DLC)11-15142
830  0$aGoldsmiths'-Kress library of economic literature ;$vno. 34219.$5bak
830  0$aMaking of the Modern World.$5net
988   $a20020608
906   $0OCLC

