LEADER 00999nam a2200277Ia 4500
001 005000883-8
005 20070530171734.0
008 880907s1845    enk     s     000 0 eng d
035 0 $aocn612677809
035 0 $aocm18453421
035 0 $aocm31744908
040   $aDLM$cGKR$dHLS
043   $ae-uk---
090   $aHB161$b.G64 no. 34220
100 1 $aGladstone, W. E.$q(William Ewart),$d1809-1898.
245 10$aRemarks upon recent commercial legislation :$bsuggested by the expository statement of the revenue from customs, and other papers lately submitted to Parliament /$cby the Right Hon. W.E. Gladstone.
250   $a3rd ed.
260   $aLondon :$bJ. Murray,$c1845.
300   $a65 p. ;$c23 cm.
500   $aGoldsmiths'-Kress no. 34220.
650  0$aTariff$zGreat Britain.
651  0$aGreat Britain$xCommercial policy.
830  0$aGoldsmiths'-Kress library of economic literature ;$vno. 34220.$5bak
830  0$aMaking of the Modern World.$5net
988   $a20020608
906   $0OCLC

