LEADER 00801nam a2200229K  4500
001 005000884-6
005 20020606095253.2
008 880909s1879    nyu      b    000 0 eng d
035 0 $aocm18462463
040   $aCUY$cCUY$dHHG
090   $aQL463$b.C64
100 1 $aComstock, John Henry,$d1849-1931.
245 00$aNotes on entomology:$ba syllabus of a course of lectures delivered at Cornell university,$cby ... J. Henry Comstock.
250   $a2d ed.
260   $aIthaca, N.Y.,$bJournal Job Printing House,$c1879.
300   $a3 p. ℓ., vi-ix, 65 ℓ., [66]-68 p.
500   $aLeaf 5 misnumbered 4.
500   $aThe numbered leaves are printed on the versos only, the rectos being intended for classroom notes.
504   $a"Authors cited."
650  0$aInsects.
988   $a20020608
906   $0OCLC

