LEADER 01283nam a2200265I  4500
001 005000885-4
005 20020606095253.2
008 880919s1952    it ab    b    100 0bita  
010   $a   53035770 //r57
035 0 $aocm18501656
040   $aDLC$cCUY$dCUY$dHLS
050 0 $aS623$b.G5 1952
111 2 $aGiornate della scienza$n(2d :$d1952 :$cMilan)
245 10$aConvegno sulla difesa del suolo e le sistemazioni fluviali e montane, Milano, 16-19 aprile 1952.$b2. Giornata della scienza indetta dal C.N.R. in occasione della 30. Fiera di Milano.
260   $aRoma,$bConsiglio nazionale della ricerche,$c1952.
300   $axxix, 316 p.$billus., fold map.$c25 cm.
500   $a"Supplemento a La ricerca scientifica, anno 22, no. 4, 1952."
504   $aIncludes bibliographical references.
650  0$aSoil conservation$vCongresses.
655  7$aConference proceedings.$2fast
710 2 $aConsiglio nazionale delle ricerche (Italy)
730 0 $aRicerca scientifica (Rome, Italy : 1948).$pSupplement.
776 08$iOnline version:$aGiornate della scienza (2d : 1952 : Milan).$tConvegno sulla difesa del suolo e le sistemazioni fluviali e montane, Milano, 16-19 aprile 1952.$dRoma, Consiglio nazionale della ricerche, 1952$w(OCoLC)623537951
988   $a20020608
906   $0DLC

