LEADER 00632cam a2200205 a 4500
001 005000886-2
005 20020606095253.2
008 881006s1859    ae            000 0 fre d
035 0 $aocm18573460
040   $aEEM$cEEM$dHLS$dHMM
043   $af-mr---
090   $aDT309$b.G6
100 1 $aGodard, Léon Nicolas,$d1825-1863.
245 13$aLe Maroc :$bnotes d'un voyageur, 1858-1859 /$cpar Léon Godard.
260   $aAlger :$bTissier,$c1859.
300   $a147 p. ;$c22 cm.
651  0$aMorocco$xDescription and travel.
830  0$aHarvard College Library preservation microfilm program ;$v02536.$5mmf
988   $a20020608
906   $0OCLC

