LEADER 00693cam a2200205Ma 4500
001 005000887-0
005 20020606095253.2
008 880914s1962    ru            000 0 rus  
010   $a   63040072 
035 0 $aocm18604333
040   $aDLC$cRBN$dOCL$dHLS
050 0 $aHG3124$b.G54
100 1 $aGindin, A.$q(Aron).
245 10$aKak bolʹsheviki nat︠s︡ionalizirovali chastnye banki :$bfakty i dokumenty posleokti︠a︡brʹskikh dneĭ v Petrograde /$cA. Gindin ; predisl. I. I. Mint︠s︡a.
260   $aMoskva :$bGosfinizdat,$c1962.
300   $a141 p. ;$c20 cm.
504   $aIncludes bibliography.
650  0$aBanks and banking$zSoviet Union$xHistory.
988   $a20020608
906   $0DLC

