LEADER 00589nam a22001817  4500
001 005000888-9
005 00000000000000.0
008 881014s1967    nyua          100 0 eng d
035 0 $aocm18610371
040   $aEEM$cEEM$dHBS
111 2 $aCornell Conference on the Impact of Mechanization, Automation, and Cybernation on Modern Agriculture, 1967.
245 10$aSpeeches presented ... Dec. 11-12, 1967.
260   $aIthaca, N.Y.,$bCornell University,$c1967.
300   $a72 p.$billus.
650  0$aFarm mechanization$vCongresses.
710 2 $aCornell University.
988   $a20020608
906   $0OCLC

