LEADER 00748nam a2200217Ka 4500
001 005000889-7
005 20020606095253.2
008 881031s1958    ru a     b    000 0 rusr 
010   $a   58041088 /L
035 0 $aocm18693237
040   $aDLC$cCFS$dCFS$dHFL
050 0 $aND2885$b.G7
100 1 $aGremislavskiĭ, Ivan I︠A︡kovlevich,$d1886-1954.
245 10$aBoris Ivanovich Volkov /$cavtory teksta I. I︠A︡. Gremislavskiĭ, F. I︠A︡. Syrkina.
260   $aMoskva :$bSovetskiĭ khudozhnik,$c1958.
300   $a121 p. :$bill. (part col.) ;$c22 cm.
504   $aIncludes bibliographical references.
600 10$aVolkov, Boris Ivanovich,$d1900-
700 1 $aSyrkina, F. I︠A︡.$q(Flora I︠A︡kovlevna)
988   $a20020608
906   $0DLC

