LEADER 01552nam a22003137  4500
001 005000890-0
005 00000000000000.0
008 881103s1958    waua     b    100 0 eng d
035 0 $aocm18706332
040   $aRQE$cRQE$dHBS
043   $an-usp--
050  4$aSF51$b.W47 1958
110 2 $aWestern Agricultural Economics Research Council.$bFarm Management Research Committee.
245 14$aThe economics of livestock production;$bconference proceedings, Farm Management Research Committee of the Western Agricultural Economics Research Council, Pullman, Washington, August 10-12, 1958.
246 1 $iAt head of title:$aFarm management in the West :$bproblems in resource use
260   $a[Pullman?$c1958]
300   $a85 p.$billus.$c28 cm.
490 1 $aIts Farm management in the West: problems in resource use. Report$vno. 2
500   $aCover title.
504   $aIncludes bibliographical footnotes.
650  0$aLivestock$zWest (U.S.)
650  0$aLivestock$vCongresses.
650  0$aLivestock$zWest (U.S.)$vCongresses.
650  0$aLivestock$xEconomic aspects$vCongresses.
655  7$aConference proceedings.$2fast
776 08$iOnline version:$aWestern Agricultural Economics Research Council. Farm Management Research Committee.$tEconomics of livestock production.$d[Pullman, Wash.? : s.n., 1958?]$w(OCoLC)608487240
810 2 $aWestern Agricultural Economics Research Council.$bFarm Management Research Committee.$tFarm management in the West: problems in resource use.$pReport ;$vno. 2.
988   $a20020608
906   $0OCLC

