LEADER 00825nam a2200205K  4500
001 005000891-9
005 20020606095253.2
008 881208m18511853sz a          000 0 fre d
035 0 $aocm18861735
040   $aCUY$cCUY$dHLS
090   $aDC611.P969$bG5
100 2 $aGingins-La Sarraz, Frédéric Charles Jean de,$cBaron,$d1790-1863.
245 00$aMémoires pour servir à l'histoire des royaumes de Provence et de Bourgogne-Jurane ...$cpar Mr. Fréd. de Gingins-La-Sarra ...
260   $aLausanne,$bG. Bridel; [etc., etc.]$c1851-3.
300   $a2 v.$b4 tab. (3 fold.)$c26 cm.
500   $a"Tiré à cent exemplaires, [des v. 7-9] des Archives de la Société générale d'histoire suisse."
505 0 $a1. pte. Les Bosonides.--2. pte. Les Hugonides.
651  0$aProvence (France)$xHistory.
988   $a20020608
906   $0OCLC

