LEADER 00749nam a2200217K  4500
001 005000892-7
005 20020606095253.2
008 881209s1948    fr ah         000 0 fre d
035 0 $aocm18882911
040   $aCUY$cCUY$dHLS
090   $aPQ1856$b.G5
100 1 $aGirard, Joseph,$d1885-
245 00$aA propos de "L'amour médecin": Molière et Louis-Henry Daquin,$bconseiller et médecin ordinaire du roi.
260   $aParis,$b"Amis des vieux logis parisiens",$c1948.
300   $a62 p.$billus., facsim.
600 10$aMolière,$d1622-1673$xHomes and haunts$zFrance$zParis.
600 10$aMolière,$d1622-1673$xCharacters$xPhysicians.
600 10$aDaquin, Louis Henry,$d-1671.
650  0$aPhysicians in literature.
988   $a20020608
906   $0OCLC

