LEADER 00675nam a2200205K  4500
001 005000893-5
005 20020606095253.2
008 881214s1899    mx           f000 0 spa d
035 0 $aocm18897632
040   $aSMI$cSMI$dHMZ
043   $an-mx---
090   $aQL567.2.M6$bC62 1899
100 1 $aCockerell, Theodore D. A.$q(Theodore Dru Alison),$d1866-1948.
245 10$aCatalogo de las Abejas de Mexico.
260   $aMexico,$bOfic. tip. de la Secretaria de Fomento,$c1899.
300   $a20 p.
650  0$aBees$zMexico.
710 1 $aMexico.$bSecretaría de Fomento, Colonización e Industria.$tBoletín de agricultura, minería é industrias.
988   $a20020608
906   $0OCLC

