LEADER 00545nam a2200193K  4500
001 005000894-3
005 20020606095253.2
008 881215s1925    qucabc        000 0 fre d
035 0 $aocm18904306
040   $aAAA$cAAA$dHLS
090   $aDA110$b.G34
100 1 $aGagnon, Alphonse,$d1851-1932.
245 13$aLa vieille angleterre.
260   $aMontréal,$bImprimerie des Sourdes-Muets,$c1925.
300   $a587 p.$billus., map, ports.$c20 cm.
651  0$aEngland$xCivilization.
651  0$aGreat Britain$xHistory.
988   $a20020608
906   $0OCLC

