LEADER 01381nam a2200325   4500
001 005000895-1
005 20100910034800.0
008 881219s1953    dcua         f000 0 eng c
010   $ass 53000028 
035 0 $aocm18921907
040   $aU.S. Social Security Administration. Library$cIBG$dHBS
043   $an-us---
050 0 $aHD7106.U5$bA36 no.36
082   $a331.2544$a368.43*
100 1 $aMyers, Robert J.$q(Robert Julius),$d1912-2010.
245 10$aLong-range cost estimates for old-age and survivors insurance 1953,$cby Robert J. Myers and Eugene A. Rasor.
260   $a[Washington]$bU.S. Dept. of Health, Education, and Welfare, Social Security Administration, Division of the Actuary,$c1953.
300   $aiv, 56 p.$btables.$c26 cm.
490 1 $aActuarial study ;$vno. 36
650  0$aSocial security$zUnited States.
650  0$aOld age pensions$zUnited States.
650  0$aSurvivors' benefits$zUnited States.
650  2$aSocial Security$zUnited States.
650  2$aPensions$zUnited States.
700 1 $aRasor, Eugene Adams,$d1907-$ejoint author.
700 1 $aRasor, Eugene A.$q(Eugene Adams),$d1907-$eauthor.
710 1 $aUnited States.$bSocial Security Administration.$bDivision of the Actuary.
830  0$aActuarial study (United States. Social Security Administration. Office of the Actuary) ;$vno. 36.
988   $a20020608
906   $0OCLC

