LEADER 00728nas a22002531  4500
001 005000896-X
005 20020606095253.2
008 881221d19uu1957dcuuu p       0    0ita  
010   $asf 88093993 
035 0 $aocm18934858
040   $aDLC$cDLC$dHLS
042   $amsc
245 00$aEuropa federata.
260   $a[Roma]
300   $av. in$billus., ports.$c21-35 cm.
310   $aFrequency varies
362 0 $av. -10, no. 23/24; -Dec. 1957.
500   $a"Periodico del Movimento federalista europeo."
500   $aL.C. set incomplete: some issues wanting.
525   $aWith supplements.
690  9$aEuropean union$xPeriodicals.$5wid
710 2 $aMovimento federalista europeo (Italy)
988   $a20020608
906   $0DLC

