LEADER 00559cam a2200181I  4500
001 005000897-8
005 20090712194629.0
008 890113s1963    ru            000 0 rus d
035 0 $aocm19017349
040   $aVA@$cVA@$dOCL$dHLS
090   $aDK254.K7$bG5 1963
100 1 $aGindin, A.$q(Aron)
245 10$aRi︠a︡dom s Ilʹichem :$b(o Petere Ananʹeviche Krasikove).
260   $a[Krasnoi︠a︡rsk] :$bKrasnoi︠a︡rskoe knizhnoe izd-vo,$c1963.
300   $a34 p.
600 10$aKrasikov, P. A.$q(Petr Ananʹevich),$d1870-1939.
988   $a20020608
906   $0OCLC

