LEADER 00730nam a2200205Ki 4500
001 005000898-6
005 20020606095253.2
008 890113s1906    mau           000 0 eng d
035 0 $aocm19020386
040   $aCUI$cCUI$dHMZ
090   $aQE832.H9$bC6
100 1 $aCockerell, Theodore D. A.$q(Theodore Dru Alison),$d1866-1948.
245 10$aFossil Hymenoptera from Florissant, Colorado /$cby T.D.A. Cockerell.
260   $aCambridge, Mass. :$bThe Museum,$c1906.
300   $ap. 34-58 ;$c25 cm.
490 1 $aBulletin of the Museum of Comparative Zoology at Harvard College;$vv. 50, no. 2
650  0$aHymenoptera, Fossil.
830  0$aBulletin of the Museum of Comparative Zoology ;$vv. 50, no. 2.
988   $a20020608
906   $0OCLC

