LEADER 00855nam a2200241Ia 4500
001 005000899-4
005 20020606095253.2
008 890118s1961    fr            000 0 fre d
035 0 $aocm19033099
040   $aGUB$cGUB$dHVL
043   $ae-fr---
050  4$aKJV172$b.A73 1961
090   $aKJV172$b.A73 1961
245 02$aL'accès á la magistrature, 1962 /$cMinistère de la justice, Centre national d'études judiciares.
260   $a[Paris] :$bThe Centre ;$aMelun :$bImprimerie administrative,$c1961.
300   $a118 p. ;$c21 cm.
500   $aCover title.
500   $a"Annexe: Les textes relatifs au Centre nationale d'études judiciares": p. 71-118.
650  0$aJudges$xSelection and appointment$zFrance.
650  0$aLaw examinations$zFrance.
710 1 $aFrance.$bCentre national d'études judiciaires.
988   $a20020608
906   $0OCLC

