LEADER 00618naa a2200205I  4500
001 005000900-1
005 20081029160834.0
008 890125s1927    dcu           000 0 eng d
035 0 $aocm19063298
040   $aCUY$cCUY$dHMZ
090   $aQK901$b.C64
100 1 $aClements, Frederic E.$q(Frederic Edward),$d1874-1945.
245 10$aResearches in ecology /$cby Frederic E. Clements.
260   $a[Washington, D.C.,$c1927]
300   $ap. [305]-340 ;$c26 cm.
500   $aCover-title.
650  0$aPlant ecology.
773 0 $tCarnegie Inst. Yearbook.$g1926-1927.(1927). No. 26. 305-340.
988   $a20020608
906   $0OCLC

