LEADER 01491cem a2200373Ia 4500
001 005000901-X
005 20020606095253.2
008 910621s1990    onc       a     1   eng d
020   $c$2.95
034 1 $aa$b15000
034 1 $aa$b294000
035 0 $aocm23965461
040   $aMEU$cMEU$dGUA$dHLS
041   $aengfre
043   $an-cn-pi
052   $a3425
052   $a3426
052   $a3429$bC4$bS8
090   $aG3425 1990$b.M3
110 2 $aMapArt (Firm)
245 10$aPrince Edward Island, Charlottetown, Summerside :$bincluding street maps of Alberton, Cornwall, Georgetown, Kensington, Montague, North Rustico, Souris & Tignish.
255   $aScale 1:15,000.
255   $aScale 1:294,000.
260   $aOshawa, Ont. :$bMapArt,$c[1990?]
300   $a11 maps on 1 sheet :$bboth sides, col. ;$c67 x 85 cm. or smaller.
500   $aIncludes street indexes for Charlottetown and Summerside, distance table, and col. ill.
500   $aInsets: Charlottetown Harbor -- Miscouche.
505 0 $a[Charlottetown Metropolitan Area] -- Prince Edward Island = Ile-du-Prince-Edouard -- [Summerside Area] -- Alberton -- Kensington -- Tignish -- Cornwall -- North Rustico -- Montague -- Georgetown -- Souris.
650  0$aCities and towns$zPrince Edward Island$vMaps.
650  0$aCentral business districts$zPrince Edward Island$zCharlottetown$vMaps.
651  0$aPrince Edward Island$vMaps.
651  0$aPrince Edward Island$vMaps.
988   $a20020608
906   $0OCLC

