LEADER 01031cam a2200277 a 4500
001 005000902-8
005 20024617123543.0
008 890130s1966    ko d     b    000 0 kor d
035 0 $aocm19081850
040   $aPPWe$cPPWe$dOCoLC$dMH-HY$dCStRLIN
041 1 $akor$heng
100 1 $aShearer, Roy E.
240 10$aWildfire.
245 10$6880-01$aHanʾguk kyohoe sŏngjangsa /$cSŏ Myŏng-wŏn [Roy E. Shearer] chiŭm ; Yi Sŭng-ik omgim.
260   $6880-02$a[Sŏul] :$bTaehan Kidokkyo Sŏhoe,$c1966.
300   $a300 p. :$bcharts ;$c19 cm.
500   $aTranslation of: Wildfire, church growth in Korea.
500   $aText in Korean, added t.p. in English.
504   $aBibliography: p. 292-300.
650  0$aProtestant churches$zKorea (South)
650  0$aMissions$zKorea (South)
651  0$aKorea (South)$xChurch history.
880 10$6245-01$a韓國敎會成長史 /$c서명원 [Roy E. Shearer]지음; 이승익옮김.
880   $6260-02$a[서울] :$b大韓基督敎書會,$c1966.
988   $a20021207
906   $0OCLC

