LEADER 01128nam a22002657a 4500
001 005000903-6
005 20040813170513.0
008 890209r192819uupaua     b    000 0 eng d
035 0 $aocm19131272
040   $aCUY$cCUY$dHMZ
090   $aQL461$b.A5 v.53
100 1 $aCalvert, Philip Powell,$d1871-
245 10$aEzra Townsend Cresson :$ba contribution to the history of entomology in North America /$cby Philip P. Calvert ; with estimates of Cresson's work on the Hymenoptera by H.T. Fernald ... [et al.].
246 17$aBiography of Ezra Townsend Cresson
260   $aPhiladelphia :$bAmerican Entomological Society,$c1928.
300   $alxiii p. :$bill. ;$c25 cm.
500   $a"From the Transactions of The American Entomological Society, Vol. LII, Supplement"--Cover.
500   $a"No. 912"--Cover.
504   $aIncludes bibliographical references.
600 10$aCresson, Ezra Townsend,$d1838-1926.
650  0$aEntomologists$zUnited States$vBiography.
700 1 $aFernald, H. T.$q(Henry Torsey),$d1866-1952.
730 0 $aTransactions of the American Entomological Society (1890)
988   $a20020608
906   $0OCLC

