LEADER 00715cam a22002297  4500
001 005000904-4
005 00000000000000.0
008 890105s1967    fr a     b    001 0 fre d
035 0 $aocm19172229
040   $aNYP$cNYP$dHBS
043   $ae-fr---
100 1 $aBourgeois, Edouard.
245 13$aLa coopérative agricole face aux problèmes de commercialisation.$cPréface de Georges Lasserre.
260   $aParis,$bCujas,$c1967.
300   $a222 p.$billus.$c25 cm.
490 0 $aMarchés et structures agricoles ;$v9
500   $aIncludes index.
504   $aBibliography: p. [215]-217.
650  0$aAgriculture, Cooperative$zFrance.
650  0$aMarketing cooperatives$zFrance.
988   $a20020608
906   $0OCLC

