LEADER 00564nam a2200193Ia 4500
001 005000905-2
005 20020606095253.2
008 890216s1933    quca          000 1 fre d
035 0 $aocm19227872
040   $aAZS$cAZS$dHLS
050  4$aPQ3919.G515$bD8x 1933
090   $aPQ3919.G515$bD8x 1933
100 1 $aGingras, Ulric-L.
245 10$aDu soleil sur l'étang noir/$cUlric-L. Gingras ; bois gravés de Rodolphe Duguay.
260   $aMontréal :$bA. Lévesque,$c1933.
300   $a180 p. :$bill. ;$c21 cm.
440  4$aLes poeḿes
988   $a20020608
906   $0OCLC

