LEADER 01075cas a2200289 a 4500
001 005000906-0
005 20020606095253.2
008 890217d19491954po tr p       0    0por d
010   $asn 89029304 
035 0 $aocm19229650
040   $aIUL$cIUL$dHLS
042   $alcd
043   $ae-po---
090   $aJV4201$b.E8
245 00$aEstudos coloniais :$brevista da Escola Superior Colonial.
260   $aLisboa :$bA Escola,$c[1949?-1954?]
300   $a4 v. :$bill. ;$c24 cm.
310   $aThree no. a year
362 0 $aVol. 1, fasc. no. 1-v. 4, fasc. no. 1-3 (1953-1954).
515   $a1948-1949-
550   $aPublication of the Instituto Superior de Estudos Ultramarinos (called in 1948-49--1953-54, Escola Superior Colonial)
650  0$aColonies$xAdministration$xStudy and teaching (Higher)$zPortugal$vPeriodicals.
651  0$aPortugal$xColonies$xAdministration$xStudy and teaching (Higher)$vPeriodicals.
710 2 $aEscola Superior Colonial (Portugal)
785 00$tEstudos ultramarinos$w(DLC)sn 89029305$w(OCoLC)19229746
988   $a20020608
906   $0OCLC

