LEADER 01248cas a2200301 a 4500
001 005000907-9
005 20020606095253.2
008 890217d1955196upo qr p       0    0por d
010   $asn 89029305 $z   58026242 
035 0 $aocm19229746
040   $aIUL$cIUL$dHLS
042   $alcd
043   $ae-po---
090   $aJV4201$b.E8
245 00$aEstudos ultramarinos :$brevista do Instituto Superior de Estudos Ultramarinos.
260   $aLisboa :$bO Instituto,$c[1956?-
300   $av. :$bill. ;$c24 cm.
310   $aQuarterly,$b1959-
321   $aThree no. a year,$b1955-1958
362 0 $aVol. 5, fasc. no. 1-3 (1955)-v. 7 (1957-1958) ; 1959, no. 1-
550   $aIssues for 1962, no. 4- published by: Instituto Superior de Ciências Socials e Política Ultramarina.
650  0$aColonies$xAdministration$xStudy and teaching (Higher)$zPortugal$vPeriodicals.
651  0$aPortugal$xColonies$xAdministration$xStudy and teaching (Higher)$vPeriodicals.
710 2 $aInstituto Superior de Estudos Ultramarinos (Portugal)
710 2 $aUniversidade Técnica de Lisboa.$bInstituto Superior de Ciências Sociais e Política Ultramarina.
780 00$tEstudos coloniais$w(DLC)sn 89029304$w(OCoLC)19229650
988   $a20020608
906   $0OCLC

