LEADER 00685cas a2200229I  4500
001 005000908-7
005 20020606095253.2
008 890222d19551962enkuu p       0   a0eng d
035 0 $aocm19250318
040   $aMiU$cUMC$dDLC$dHLS
090   $aAP4$b.E78
245 00$aEuropean-Atlantic review.
260   $aLondon.
300   $a8 v.$bill.
362 0 $av. 5-12, no.2; spring 1955-Mar./Apr.1962.
525   $aSome volumes accompanied by supplements.
651  0$aEurope.
780 05$tWestern world$gJan. 1961
780 00$tEuropean and Atlantic digest
785 00$tEuropean review (London, England : 1962)$x0014-3081$w(DLC) 92644776$w(OCoLC)1568470
988   $a20020608
906   $0OCLC

