LEADER 00893nam a2200265 a 4500
001 005000909-5
005 20030512131005.0
008 030512s1994    fr a     bc   000 0 fre  
010   $a   96127878 
040   $aDLC$cDLC$dDLC
043   $ae-fr---
050 00$aNB553.M3$bA4 1994a
100 1 $aMaillol, Aristide,$d1861-1944.
245 10$aMaillol :$bl'Annonciade, Musée de Saint-Tropez, 9 juillet-26 septembre 1994.
246 15$aAristide Maillol
260   $a[Saint-Tropez] :$bLe Musée,$cc1994.
300   $a127 p. :$bill. (some col.) ;$c22 cm.
504   $aIncludes bibliographical references (p. 122-123).
600 10$aMaillol, Aristide,$d1861-1944$vExhibitions.
650  0$aNude in art$vExhibitions.
650  0$aWomen in art$vExhibitions.
650  0$aArtists' preparatory studies$zFrance$vExhibitions.
710 2 $aMusée de l'Annonciade.
988   $a20030512
906   $0DLC

