LEADER 00989cas a22003257  4500
001 005000910-9
005 20020606095253.2
008 880309d192119uunyuuu p       0    0ita d
010   $asn 92014100 $z   23001274 
035 0 $aocm39990028
035 0 $aocm19333130
040   $aNYP$cNYP$dNST$dHLS
042   $alcd
043   $ae------
050 00$aDR1$b.E8
245 02$aL'europa orientale.
260   $aRoma.
300   $av.$c22-24 cm.
310   $aMonthly
362 0 $aanno 1- guigno 1921-
515   $aSome no. issued in combined form.
515   $aAnno 13-20 called also nuova serie.
550   $a"Pub. a cura dell'Istituto per l'Europa orientale."
651  0$aEurope, Eastern$xPolitics and government$vPeriodicals.
651  0$aEurope, Eastern$xEconomic conditions$vPeriodicals.
651  0$aEurope, Eastern$xCivilization$vPeriodicals.
710 2 $aIstituto per l'Europa orientale (Rome, Italy)
770 0 $tStudi rumeni
988   $a20020608
906   $0OCLC

