LEADER 00881cam a2200193L  4500
001 005000911-7
005 20050105115204.0
008 820825m18821884gw a    a     001 0 ger d
035 0 $aocm19343083
040   $aSTF$cSTF$dHLS
100 1 $aGindely, Antonín,$d1829-1892.
245 10$aGeschichte des dreissigjährigen Krieges,$cvon Anton Gindely.
260   $aLeipzig,$bG. Freytag,$c1882-84.
300   $a3 v.$billus.$c19 cm.
440  0$aWissen der Gegenwart ;$v1., 3., 5. Bd.
505 0 $aAbt. l. Der böhmische Aufstand und seine Bestrafung, 1618 bis 1621.--Abt. 2. Der niedersächsische, dänische und schwedische Krieg bis zum Tode Gustav Adolfs, 1622 bis 1632.--Abt. 3. Der schwedische Krieg seit Gustav Adolfs Tode und der schwedische-französische Krieg bis zum westfälischen Frieden, 1632 bis 1648.
650  0$aThirty Years' War, 1618-1648.
988   $a20020608
906   $0OCLC

