LEADER 00926cam a2200217Ma 4500
001 005000912-5
005 20020606095253.2
008 870615s1691    be            000 0 fre d
035 0 $aocm19375948
040   $aPAU$cPAU$dHHG
100 1 $aComiers, Claude,$d-1693.
245 10$aTraité de la parole, langues et ecritures :$bcontenant la steganographie impenetrable, ou l'art d'écrire et de parler occultement de loin & sans soupçon : avec tout ce qui concerne les encres, cachets & cire à cacheter /$cpar Monsieur Comiers d'Ambrun ...
260   $aA Bruxelles :$bChez Jean Leonard, libraire & imprimeur ...,$c1691.
300   $a[12], 276 p., [1] folded leaf of plates :$c14 cm. (12mo)
500   $aLong 12mo with vertical chainlines.
500   $aTitle vignette.
650  0$aCiphers$vEarly works to 1800.
650  0$aCryptography$vEarly works to 1800.
650  0$aWriting, Invisible.
988   $a20020608
906   $0OCLC

