LEADER 00922nam a22002417a 4500
001 005000913-3
005 20080806131449.0
008 890320s1917    fr b     b    000 0 fre d
035 0 $aocn786366520
035 0 $aocm19399725
040   $aEYW$cEYW$dHLS$dHMM
050  4$aD613.G57$bV72 1917
100 1 $aGoblet d'Alviella, Eugène,$ccomte,$d1846-1925.
245 13$aLe vrai et le faux pacifisme /$cpar le comte Goblet D'Alviella.
260   $aParis :$bFèlix Alcan,$c1917.
300   $a81 p. :$bmap. ;$c21 cm.
504   $aIncludes bibliographical references.
650  0$aWorld War, 1914-1918$xCauses.
650  0$aWorld War, 1914-1918$xPeace.
776 08$iOnline version:$aGoblet d'Alviella, Eugène, comte, 1846-1925.$tVrai et le faux pacifisme.$dParis : Fèlix Alcan, 1917$w(OCoLC)890588611
830  0$aHarvard College Library pamphlet digitization program.$pWorld War I.$5net
988   $a20020608
906   $0OCLC

