LEADER 00604cam a2200193M  4500
001 005000914-1
005 20020606095253.2
008 870818s1945    enk           000 0 eng u
035 0 $aocm19420861
040   $cMNP$dHLS
090   $aHN383.5$b.O93x
110 2 $aUniversity of Oxford.$bInstitute for Research in Agricultural Economics.
245 10$aCountry planning :$ba study of rural problems.
260   $aOxford :$bOxford University Press,$c1945.
300   $avi, 288 p. :$bill.
650  0$aSociology, Rural$zGreat Britain.
650  0$aRegional planning$zGreat Britain.
988   $a20020608
906   $0MH

