LEADER 00639cam a2200193M  4500
001 005000915-X
005 20020606095253.2
008 880215s1893    au a          000 0 eng u
035 0 $aocm19423451
040   $cMNP$dHMZ
100 1 $aCobb, Nathan Augustus,$d1859-1932.
245 10$aNematodes, mostly Australian and Fijian /$cby N.A. Cobb.
260   $aSydney :$bF. Cunninghame & co., printers,$c1893.
300   $a59 p. :$bill.$c29 cm.
490 0 $aDepartment of agriculture, New South Wales. Miscellaneous publications ;$vno. 13.
500   $aReprinted from Macleay Memorial Volume.
650  0$aSecernentea.
988   $a20020608
906   $0MH

