LEADER 00553cam a22001817  4500
001 005000916-8
005 00000000000000.0
008 880322s1945    nyu           000 0 eng u
035 0 $aocm19440477
040   $cMLL$dHBS
043   $an-us---
100 1 $aPorter, Louis H.
245 10$aMemorandum in support of the following proposed amendments to the United States labor laws.
260   $aNew York :$bYale & Towne Manufacturing Co.,$c[1945]
300   $a48 p. ;$c27 cm.
650  0$aLabor laws and legislation$zUnited States.
988   $a20020608
906   $0MH

