LEADER 00753cam a2200229 a 4500
001 005000917-6
005 20110902190646.0
008 880509s1959    maua          000 0 eng d
035 0 $aocm19446415
040   $cMLL$dHFL$dMH-L
110 2 $aHarvard Law School.$bLibrary.
245 14$aThe Harvard Law School Library.
250   $a[2d ed.]
260   $aCambridge :$bHarvard University Library,$c1959.
300   $a29 p. :$bill. ;$c24 cm.
490 0 $aGuides to the Harvard libraries ;$vno. 6
500   $aFirst ed. published in 1957 under title: A guide to the use of the Law Library.
500   $aIntroduction by Earl C. Borgeson.
610 20$aHarvard Law School.$bLibrary$vGuidebooks.
700 1 $aBorgeson, Earl C.
988   $a20020608
906   $0MH

