LEADER 00744cam a2200205M  4500
001 005000918-4
005 20020606095253.2
008 880115s1884    fr            000 0 fre u
035 0 $aocm19447359
040   $cMLL$dHVL
100 1 $aDucruet, M.
245 10$aNotice historique sur le notariat /$cpar M. Ducruet; pour servir de complément à l'Opuscule publié sous ce titre par le docteur Vladimir par le docteur Vladimir Pappafava.
260   $aParis :$bOudin Frères,$c1884.
300   $a11 p. ;$c23 cm.
500   $a"Extrait de la Revue catholique des Institutions et du Droit."
600 10$aPappafara, Vladimir,$d1850-1928.
650  0$aNotaries.
710 2 $aRevue catholique des Institutions et du Droit.
988   $a20020608
906   $0MH

