LEADER 00982cam a2200169M  4500
001 005000919-2
005 20020606095253.2
008 880115s1926    enk          s000 0 eng u
035 0 $aocm19447693
040   $cMLL$dHLS
110 1 $aGambia.
245 12$aA revised edition of the Ordinance of the colony of the Gambia :$bincluding governor's orders and proclamation, orders-in-Council, and rules and regulations made under ordinances; letters patent and standing orders of Legislative council; certain acts of Parliament in force in the colony; orders of the King in Council; an index and appendices : prepared under the authority of the revised edition of the laws ordinance, 1925 /$cby Sydney Spencer Sawrey-Cookson.
260   $aPub. for the government of the colony of the Gambia by the crown agents for the colonies ... London :$bPrinted by Waterlow & sons, limited,$c1926.
300   $a2 v. ;$c25 cm.
700 1 $aSawrey-Cookson, Sydney Spencer,$d1876-
988   $a20020608
906   $0MH

