LEADER 00458nam a2200157K  4500
001 005000920-6
005 20020606095253.2
008 890407s1884    fr f          000 0 fre d
035 0 $aocm19520492
040   $aPPC$cPPC$dHVL
100 1 $aGalliot, H. F. Léon.
245 10$aRecherches historiques;$bethnographiques et médicolégales sur l'avortement criminel.
260   $aLyon,$bImprimerie Nouvelle,$c1884.
300   $a130 p.$b2 pl.
988   $a20020608
906   $0OCLC

