LEADER 01052cam a2200265 a 4500
001 005000921-4
005 20024617104250.0
008 890417r19701530ch            000 0 chi d
020   $cNT$400.00
035 0 $aocm19557455
040   $aInU$cInU$dHkUST$dMH-HY$dCStRLIN
043   $aa-cc---
245 00$6880-01$aMing gong chen xi feng di bu /$c[bian zhe Li bu qing li si].
260   $6880-02$aTaibei Shi :$bTaiwan xue sheng shu ju,$cMin guo 59 [1970]
300   $a2, 580 p. ;$c22 cm.
440  0$6880-03$aMing dai shi ji hui kan ;$v15
500   $aReprint of: Ming manuscript dated 1530, held in Guo li zhong yang tu shu guan.
650  0$aTitles of honor and nobility$zChina.
710 1 $6880-04$aChina.$bLi bu (Civil Appointments).$bQing li si.
880 00$6245-01$a明功臣襲封底簿 /$c[編者吏部清吏司].
880   $6260-02$a臺北市 :$b臺灣學生書局,$c民國59 [1970]
880  0$6440-03$a明代史籍彙刊 ;$v15
880 1 $6710-04$aChina.$b吏部 (Civil Appointments).$b清吏司.
988   $a20021127
906   $0OCLC

