LEADER 00596nam a2200205K  4500
001 005000922-2
005 20020606095253.2
008 890424s1931    quca          000 0bfre d
035 0 $aocm19585936
040   $aEEM$cEEM$dHLS
090   $aF1030.A36$bG3 1931
100 1 $aGagnon, Ernest,$d1834-1915.
245 10$aLouis d'Ailleboust.
250   $a2. éd. revue.
260   $aMontréal,$bBeauchemin,$c1931.
300   $a189 p.$billus.
440  0$aBibliothèque Canadienne.$pCollection Maisonneuve
600 10$aAilleboust, Louis d',$cSieur de Coulonge,$d1612-1660.
988   $a20020608
906   $0OCLC

