LEADER 01690nam a2200421 a 4500
001 005000923-0
005 20024617115958.0
008 881221s1988    ja            000 0 jpn  
010   $a88202678 /AJ
020   $a4896680057 :$cY16000
035 0 $aocm19630428
040   $aDLC$cDLC$dMH-HY$dCStRLIN
041 0 $ajpneng
043   $aa-ja---$aa-cc---
050 0 $aZ463$b.Y39 1988 vol. 2$aZ463.86.O82
100 1 $6880-01$aYayoshi, Mitsunaga,$d1900-
245 10$6880-02$aŌsaka no honʾya to Tōhon no yunyū /$cYayoshi Mitsunaga cho.
260   $6880-03$aTōkyō :$bYumani Shobō,$cShōwa 63 [1988]
300   $av, 445, 6 p. ;$c22 cm.
440  0$6880-05$aShoshi shomoku shirīzu ;$v26
490 1 $6880-04$aMikan shiryō ni yoru Nihon shuppan bunka ;$vdai 2-kan
500   $aTable of contents also in English.
650  0$aBooksellers and bookselling$zJapan$zOsaka$xHistory.
651  0$aJapan$xCommerce$zChina.
651  0$aChina$xCommerce$zJapan.
650  0$aChinese imprints$zJapan.
651  0$aChina$xImprints.
651  0$aOsaka (Japan)$xCommerce.
651  0$aOsaka (Japan)$xIntellectual life.
880 1 $6100-01$a彌吉光長,$d1900-
880 10$6245-02$a大坂の本屋と唐本の輸入 /$c彌吉光長著.
880   $6260-03$a東京 :$bゆまに書房,$c昭和63 [1988]
880  0$6440-05$a書誌書目シリーズ ;$v26
880 1 $6490-04$a未刊史料による日本出版文化 ;$v第2卷
800 1 $6880-06$aYayoshi, Mitsunaga,$d1900-$tMikan shiryō ni yoru Nihon shuppan bunka ;$vdai 2-kan.
880 1 $6800-06$a彌吉光長,$d1900-$t未刊史料による日本出版文化 ;$v第2卷.
988   $a20021214
906   $0DLC

