LEADER 00710nam a2200205Ka 4500
001 005000924-9
005 20020606095253.2
008 890515s1967    ru            000 0 rus d
035 0 $aocm19704813
040   $aEYW$cEYW$dHLS
043   $ae-ru---
050  4$aDK511.P19$bG6
245 00$aGod za godom :$bkhronika vazhneǐshikh sobytiǐ obshchestvennoǐ zhizni Penzenskoĭ oblasti za 50 let /$c[sostaviteli V. S. Godin ... et al.].
260   $aSaratov :$bPrivolzhskoe knizhnoe izd-vo,$c1967.
300   $a174 p. ;$c21 cm.
651  0$aPenzenskai︠a︡ oblastʹ (Russia)$xHistory$xChronology$y1917-
655  7$aHistory.$2fast
700 1 $aGodin, Vi︠a︡cheslav Stepanovich.
988   $a20020608
906   $0OCLC

