LEADER 01233cam a2200337 a 4500
001 005000925-7
005 20024617104250.0
008 890131r1970    ch            001 0cchi  
010   $a72836154
035 0 $aocm19711095
040   $aDLC$cNN$dWaU$dHkUST$dMH-HY$dCStRLIN
043   $aa-cc---
050 0 $aDS753.5$b.H78 1970
100 1 $6880-01$aXu, Qianxue,$d1631-1694.
245 10$6880-02$aMing shi lie zhuan /$c[Xu Qianxue zhuan].
250   $6880-03$aYing yin chu ban.
260   $6880-04$aTaibei Shi :$bTaiwan xue sheng shu ju,$cMin guo 59 [1970]
300   $a10 v. ([82], 4658 p.) ;$c22 cm.
440  0$6880-05$aMing dai shi ji hui kan ;$v17
500   $6880-06$aReprint of: Guo li Zhong yang tu shu guan cang jiu chao ben.
500   $aIncludes index.
651  0$aChina$xHistory$yMing dynasty, 1368-1644$vBiography.
651  0$aChina$vBiography.
880 1 $6100-01$a徐乾學,$d1631-1694.
880 10$6245-02$a明史列傳 /$c[徐乾學撰].
880   $6250-03$a景印初版.
880   $6260-04$a臺北市 :$b臺灣學生書局,$c民國59 [1970]
880  0$6440-05$a明代史籍彙刊 ;$v17
880   $6500-06$aReprint of: 國立中央圖書館藏鈔本.
988   $a20021127
906   $0DLC

