LEADER 01549cam a2200325Ia 4500
001 005000926-5
005 20130628142617.0
008 890526s1935    enka          000 0 eng d
035 0 $aocm19769720
040   $aCUS$cCUS$dCLU$dHLS
050  4$aDS709$b.G54n 1935
100 1 $aGlasspoole, Richard,$d1788-1846.
245 10$aMr. Glasspoole and the Chinese pirates :$bbeing the narrative /$cof Mr. Richard Glasspoole of the ship Marquis of Ely : describing his captivity of eleven weeks and three days whilst held for ransom by the villainous ladrones of the China Sea in the year 1809 : together with the extracts from the China records and the log of the Marquis of Ely ; and some remarks on Chinese pirates ancient and modern by Owen Rutter ; and four engravings on wood by Robert Gibbings.
246 3 $aMister Glasspoole and the Chinese pirates.
260   $a[London] :$bGolden Cockerel Press,$c1935.
300   $a57, [2] p. :$bill. ;$c22 cm.
500   $a"The edition is limited to 315 copies, of which only number 1-300 are for sale"--Limitation statement, p. 59.
510 4 $aKirkus,$c50
510 4 $aChanticleer,$c104
650  0$aPirates.
651  0$aChina Sea.
700 1 $aGibbings, Robert,$d1889-1958,$eill.
700 1 $aJohnston, Jean,$eformer owner.$5hou
710 2 $aGolden Cockerel Press,$epublisher.
710 2 $aJulio Mario Santo Domingo Collection.$5hou
752   $aEngland$dLondon.
700 1 $aGibbings, Robert,$d1889-1958,$eillustrator.
899   $aGIFT_415_SANTOD
988   $a20020608
906   $0OCLC

