LEADER 00823nam a2200253I  4500
001 005000927-3
005 20020606095253.2
008 890530s1966    gw            000 0 ger  
010   $a   68113774 
035 0 $aocm19784054
040   $aDLC$cCUS$dHLS
050 0 $aHD8450$b.F84
100 1 $aFrühauf, Otmar,$d1937-
245 10$aBürgerlich-liberale Sozialpolitik 1856-1865;$baus dem Frankfurter 'Arbeitgeber'$cvon Max und Franz Wirth.
260   $aMünchen,$bDissertations-Druckerei C. Schön,$c1966.
300   $av, 300 p.$bfacsim., ports.$c21 cm.
500   $aVita.
502   $aInaug.-Diss.-Munich.
504   $aBibliography: p. 290-300.
650  0$aLabor$zGermany$xHistory.
650  0$aIndustrial relations$zGermany$xHistory.
650  0$aWorking class$zGermany$xHistory.
988   $a20020608
906   $0DLC

