LEADER 00618nam a2200193Ka 4500
001 005000928-1
005 20020606095253.2
008 890531s1890    mau           000 0 eng d
035 0 $aocm19790353
040   $aDPL$cDPL$dHLS
100 1 $aGladstone, W. E.$q(William Ewart),$d1809-1898.
245 10$aDuel;$cFree trade [by] W. E. Gladstone [and] Protection [by] James G. Blaine.
260   $a[Boston]$c1890.
300   $a54 p. ;$c22 cm.
500   $aDetached from North American Review, no. 398, January, 1890.
650  0$aProtectionism.
700 1 $aBlaine, James Gillespie,$d1830-1893.
988   $a20020608
906   $0OCLC

