LEADER 01292cam a2200325 a 4500
001 005000929-X
005 20024617104250.0
008 890420r19701541ch b          000 0 chi  
010   $a72836318
020   $cNT$320.00
035 0 $aocm19858825
040   $aDLC$cNN$dHkUST$dMH-HY$dCStRLIN
043   $aa-cc---
050 0 $aJQ1512.Z1$bT27 1970
245 00$6880-01$aDa Ming yi tong wen wu zhu si ya men guan zhi :$b[16 juan].
260   $6880-02$aTaibei Shi :$bTaiwan xue sheng shu ju,$cmin guo 59 [1970]
300   $a2, 486 p. :$bmaps ;$c21 cm.
440  0$6880-03$aMing dai shi ji hui kan ;$v13
500   $aColophon title: Da Ming yi tong zhu si ya men guan zhi.
500   $aReprint of: Guo li zhong yang tu shu guan cang Ming Jiajing 20 (1541) Jiao Lian kan ben.
650  0$aCivil service$zChina$xHistory.
651  0$aChina$xPolitics and government$y1368-1644.
651  0$aChina$xHistory$yMing dynasty, 1368-1644$xSources.
740 0 $6880-04$aDa Ming yi tong zhu si ya men guan zhi.
880 00$6245-01$a大明一統文武諸司衙門官制 :$b[16卷].
880   $6260-02$a臺北市 :$b臺灣學生書局,$c民國59 [1970]
880  0$6440-03$a明代史籍彙刊 ;$v13
880 0 $6740-04$a大明一統諸司衙門官制.
988   $a20021127
906   $0DLC

