LEADER 01321cam a2200361 a 4500
001 005000930-3
005 20024617104250.0
008 890420r19701568ch            000 0cchi  
010   $a72836166
020   $cNT$320.00
035 0 $aocm47818394
035 0 $aocm19858837
040   $aDLC$cNN$dCLU$dHkUST$dMH-HY$dCStRLIN
043   $aa-cc-ho
050 0 $aDS793.H5$bC49 1970
100 1 $6880-01$aZhu, Mujie,$d1517-1586.
245 10$6880-02$aHuang chao zhong zhou ren wu zhi :$b[16 juan] /$c[Zhu Mujie zhuan]
250   $6880-03$aYing yin chu ban.
260   $6880-04$aTaibei Shi :$bTaiwan xue sheng shu ju,$cMin guo 59 [1970]
300   $a2, 490 p. ;$c22 cm.
440  0$6880-05$aMing dai shi ji hui kan ;$v18
500   $6880-06$aReprint of: Ming Longqing 2 nian (1568) kan ben.
651  0$aHenan Sheng (China)$vBiography.
651  0$aChina$xHistory$yMing dynasty, 1368-1644$vBiography.
651  0$aChina$vBiography.
880 1 $6100-01$a朱睦[jie],$d1517-1586.
880 10$6245-02$a皇朝中州人物志 :$b[16卷] /$c[朱睦[jie]撰]
880   $6250-03$a景印初版.
880   $6260-04$a臺北市 :$b臺灣學生書局,$c民國59 [1970]
880  0$6440-05$a明代史籍彙刊 ;$v18
880   $6500-06$aReprint of: 明隆慶2年(1568)刊本.
988   $a20021127
906   $0DLC

