LEADER 01030cam a2200265 a 4500
001 005000931-1
005 20024617104250.0
008 890420r1970    ch            000 0 chi d
035 0 $aocm19858863
040   $aNN$cNN$dCLU$dHkUST$dMH-HY$dCStRLIN
043   $aa-cc---
100 1 $6880-01$aZhang, Kentang,$d-1651.
245 10$6880-02$aXun ci :$b[12 juan /$cZhang Kentang zhuan].
260   $6880-03$aTaibei Shi :$bTaiwan xue sheng shu ju,$cMin guo 59 [1970]
300   $a2 v. (2, 696 p.) ;$c21 cm.
440  0$6880-04$aMing dai shi ji hui kan ;$v20
500   $6880-05$aReprint of: Guo li zhong yang tu shu guan cang Ming Chongzhen nian jian yuan kan ben.
650  0$aTrials$zChina.
880 1 $6100-01$a張肯堂,$d-1651.
880 10$6245-02$a[Xun]辭 :$b[12卷 /$c張肯堂撰].
880   $6260-03$a臺北市 :$b臺灣學生書局,$c民國59 [1970]
880  0$6440-04$a明代史籍彙刊 ;$v20
880   $6500-05$aReprint of: 國立中央圖書館藏明崇楨年間原刊本.
988   $a20021127
906   $0OCLC

