LEADER 01266cam a2200337 a 4500
001 005000932-X
005 20024617104250.0
008 890420r1970    ch            000 0cchi  
010   $a72836167
020   $cNT$400.00
035 0 $aocm19858885
040   $aDLC$cNN$dNcU$dHkUST$dOCoLC$dMH-HY$dCStRLIN
043   $aa-cc---
050 0 $aDS753.5$b.L436 1970
100 1 $6880-01$aLei, Li.,$d1505-1581.
245 10$6880-02$aNei ge xing shi :$b[8 juan /$cLei Li zhuan].
260   $6880-03$aTaibei Shi :$bTaiwan xue sheng shu ju,$cMin guo 59 [1970]
300   $a4, 562 p. ;$c22 cm.
440  0$6880-04$aMing dai shi ji hui kan ;$v14
500   $6880-05$a"Shi bian qi zi Hongwu, zhong yu Zhengde."
500   $6880-06$aReprint of: Guo li zhong yang tu shu guan cang Ming kan ben.
651  0$aChina$vBiography.
651  0$aChina$xPolitics and government$y1368-1644.
880 1 $6100-01$a雷示,$d1505-1581.
880 10$6245-02$a内閣行實 :$b[8卷 /$c雷示撰].
880   $6260-03$a臺北市 :$b臺灣學生書局,$c民國59 [1970]
880  0$6440-04$a明代史籍彙刊 ;$v14
880   $6500-05$a"是编起自洪武, 终於正德."
880   $6500-06$aReprint of: 國立中央圖書館藏明刊本.
988   $a20021127
906   $0DLC

