LEADER 01113cam a2200277 a 4500
001 005000933-8
005 20024617104250.0
008 890420r1970    ch            000 0cchi d
035 0 $aocm19858910
040   $aNN$cNN$dWaU$dHkUST$dMH-HY$dCStRLIN
043   $aa-cc---
100 1 $6880-01$aYang, Lurong,$dactive 17th century-18th century.
245 10$6880-02$aYin wan lu :$b[6 juan /$cYang Lurong zhuan].
260   $6880-03$aTaibei Shi :$bTaiwan xue sheng shu ju,$cMin guo 59 [1970]
300   $a2, 418 p. ;$c21 cm.
440  0$6880-04$aMing dai shi ji hui kan ;$v19
500   $6880-05$aReprint of: Guo li Zhong yang tu shu guan cang lan ge chao ben.
651  0$aChina$xHistory$yMing dynasty, 1368-1644$vBiography.
651  0$aChina$vBiography.
880 1 $6100-01$a楊陸榮,$dactive 17th century-18th century.
880 10$6245-02$a殷頑錄 :$b[6卷 /$c楊陸榮撰].
880   $6260-03$a臺北市 :$b臺灣學生書局,$c民國59 [1970]
880  0$6440-04$a明代史籍彙刊 ;$v19
880   $6500-05$aReprint of: 國立中央圖書館藏藍格钞本.
988   $a20021127
906   $0OCLC

