LEADER 01019nam a2200217K  4500
001 005000934-6
005 20020606095253.2
008 890619s1921    po            000 0 por d
035 0 $aocm19890265
040   $aTJC$cTJC$dHLS
245 00$aDois inéditos acêrca das ilhas do Faial, Pico, Flôres e Côrvo:$bSaudades de terra (século XVI) por Gaspar Frutuôso e Espelho cristalino em jardím de várias flôres (século XVII) por frei Diôgo das Chagas.$cCom uma introdução e anotações de António Ferreira de Serpa.
246 3 $aSuadades da terra.
246 3 $aEspelho cristalino em Jardim de várias flôres.
260   $aCoimbra (Portugal),$bImprensa da Universidade,$c1921.
300   $a246 p.$c23 cm.
651  0$aAzores$xDescription and travel.
700 1 $aSerpa, António Ferreira de,$d1865-1939.
700 12$aFrutuoso, Gaspar,$d1522-1591.$tSuadades da terra.
700 12$aChagas, Diogo das,$cFrei,$dapproximately 1584-$tEspelho cristalino em jardim de várias Flôres.
988   $a20020608
906   $0OCLC

