LEADER 00616nam a2200205Ia 4500
001 005000935-4
005 20020606095253.2
008 890628s1946    gw            000 0 ger  
010   $a   50017379 
035 0 $aocm19935724
040   $aDLC$cNDD$dHLS
050   $aBX2158.F78
245 00$aHerr, unsere Brüder! :$bGebetswoche zum Herzen Jesu für unsere Gefangenen und Vermissten.
260   $aKarlsruhe :$bBadenia,$c1946.
300   $a79 p. ;$c15 cm.
440  0$aKarlsruher Hefte.$pReligiöse Reihe ;$vHeft 2
650  0$aSacred Heart, Devotion to.
700 1 $aFruhstorfer, P. H.
988   $a20020608
906   $0DLC

