LEADER 03262nam a22004937  4500
001 005000936-2
005 20080912205600.0
008 880114s1937    dcuac        f000 0 eng  
010   $aagr37000469 
035 0 $aocm19941418
040   $aDLC$cPAU$dHBS
043   $an-us---
090   $ax
100 1 $aTrue, Alfred Charles,$d1853-1929.
245 12$aA history of agricultural experimentation and research in the United States 1607-1925$bincluding a history of the United States Department of agriculture.$cBy Alfred Charles True, late specialist in States relations work, United States Department of agriculture.
260   $aWashington,$bU. S. Govt. Print. Off.,$c1937.
300   $avi, 321 p.$bfront., illus., ports.$c23 cm.
490 0 $aU.S. Dept. of agriculture. Miscellaneous publication$vno. 251
500   $a"This is the third and final monograph in a series intended to give a comprehensive summary of the history of agricultural education, extension, and research in the United States. Agricultural instruction in schools and colleges...was dealt with in the monograph published in 1929 as Miscellaneous publication no. 36 of the United States Department of agriculture. The history of agricultural extension work was issued by this Department in 1928 as Miscellaneous publication no. 15."--Preface, p. iii.
504   $aBibliography: p. 278-295.
505 0 $aAgricultural research in the United States -- Beginnings in the American colonies and early States. pp. 1.
505 0 $aEarly State geological and agricultural surveys. pp. 12.
505 0 $aRelations to the national government to agriculture, 1796-1835. pp. 18.
505 0 $aAgriculture promoted through the Patent Office, 1836-62. pp. 22.
505 0 $aMovement for a United States Department of Agriculture. pp. 34.
505 0 $aMovement of the States toward establishment of institutions for agricultural research, 1840-75. pp. 67.
505 0 $aState agricultural experiement stations without federal aid, 1875-88. pp. 82.
505 0 $aAgricultural experiments in States not having experiment stations, 1875-88. pp. 107.
505 0 $aHistory of the Hatch Experiment Station Act of 1887. pp. 118.
505 0 $aAgricultural experiment stations in the States and Territories under the Hatch Act, 1888-1905. pp. 130.
505 0 $aMovement for increased federal aid, culminating in the Adams Act, 1902-6. pp. 165.
505 0 $aLarge development of research relating to agricultural production, 1897-1913. pp. 207.
505 0 $aDevelopment of research in agricultural economics and sociology, 1913-21. pp. 212.
505 0 $aAgricultural researc during the agricultural depression, 1921-25. pp. 248.
505 0 $aBibliography. pp. 290.
505 0 $aSubject index. pp. 297.
505 0 $aName index. pp. 318.
520 3 $aThis is the third and final monograph in the series intended to give a comprehensive summary of the history of agricultural education, extension, and research in the United States.
610 10$aUnited States.$bDepartment of Agriculture.
650  0$aAgriculture$xExperimentation$xHistory.
650  0$aAgriculture$xResearch$xHistory.
650  0$aAgriculture$zUnited States.
988   $a20020608
906   $0DLC

