LEADER 00922cam a2200265Ia 4500
001 005000937-0
005 20070327155502.0
008 890711s1934    maua          000 0 eng  
010   $a   35016290 
035 0 $aocm19993452
040   $aDLC$cBAT$dBAT$dHHG
050 0 $aPK6516.T6$bC6
082   $a099.1
110 2 $aCommonwealth Press.
245 10$aKind words :$bthe printed record of some letters concerning the publication of the smallest printed book in the world.
260   $aWorcester, Mass. :$bThe Commonwealth Press,$c1934.
300   $a[32] p. :$bill. ;$c12 cm.
500   $aHalf title: Kind words about the smallest printed book in the world.
500   $aPages [30]-[32] blank.
600 00$aOmar Khayyam.$tRubāʻīyāt.$lEnglish.
600 10$aThompson, Eben Francis,$d1859-1939.
650  0$aMiniature books.
752   $aUnited States$bMassachusetts$dWorcester
988   $a20020608
906   $0DLC

