LEADER 00760nam a2200181K  4500
001 005000938-9
005 20020606095253.2
008 890728s1973    bu a          000 0 bulrd
035 0 $aocm20084862
040   $aEEM$cEEM$dHLS
090   $aPG1038.17.I5$bI9
100 1 $aGinev, Rusin.
245 10$aIzgubenii︠a︡t stubel.$b[Razkazi]$c(Khudozh. Vladimir Konstantinov)
260   $aPlovdev,$bKhr. G. Danov,$c1973.
300   $a127 p. with illus.$c20 cm.
505 0 $aRazplashtan.--Totinite altŭni.--Maĭka.--Gospodari︠a︡t na broda.--Gegata.--Bi︠a︡lata zvŭnarna.--Bri︠a︡stŭt na delii︠a︡ta.--V korii︠a︡ta.--Izgubenii︠a︡t stubel.--Mŭkata an ovchari︠a︡.--Grekhŭt na Zeĭnepa.--Sreshu Enʹovden.--Pobedat.
988   $a20020608
906   $0OCLC

