LEADER 00618naa a2200193K  4500
001 005000939-7
005 20020606095253.2
008 890807s1902    dcubf        f000 0 eng d
035 0 $aocm20136097
040   $aWAU$cWAU$dHMZ
100 1 $aCobb, John N.$q(John Nathan),$d1868-1930.
245 00$aCommercial fisheries of the Hawaiian Islands ...
260   $a[Washington,$bGovt. Print. Off.,$c1902]
300   $ap. 383-499.$bplates, fold. map.
500   $aTypewritten t.-p. and contents.
650  0$aFisheries$zHawaii.
773 0 $tU.S. Fish Comm. Rept.$g1901 (1902). 381-499. pl. 21-27.
988   $a20020608
906   $0OCLC

