LEADER 01871cam a2200385Ia 4500
001 005000940-0
005 20020606095253.2
008 890811s1581    enki          000 0 eng  
010   $a   05018938 //r2
035 0 $aocm20162326
040   $aDLC$ebdrb$cIXA$dOCL$dHHG
050 00$aHC254$b.C72
100 0 $aW. S.,$cgentleman.
245 12$aA compendious or briefe examination of certayne ordinary complaints, of diuers of our country men in these our dayes: :$bwhich although they are in some part vniust & friuolous, yet are they all by vvay of dialogues throughly debated & discussed. /$cBy W.S. gentleman.
246 3 $aBriefe conceipt of English pollicy.
260   $aImprinted at London in Fleetstreate, neere vnto Saincte Dunstones Church, :$bBy Thomas Marshe.,$c1581.
300   $a[4], 55 leaves :$bcoat of arms ;$c19 cm. (4to)
500   $aCaption title (leaf 1): A briefe conceipte touching the common weale of this realme of England.
500   $aRunning title: A briefe conceipt of English pollicy.
500   $aApparently a surreptitious edition of a work written about 1549. Attributed by various authorities to either William Stafford, John Hales, or Thomas Smith.
500   $aSignatures: **⁴A-N⁴O⁴(-O4).
500   $aLine 2 of leaf A1 recto text: sundry.
500   $aLeaf **2 signed **.
500   $aTitle within ornamental border (McKerrow & Ferguson 125 α).
500   $aRoyal coat of arms on verso of t.p.; initials.
500   $aColophon dated 1581.
500   $aLeaves 12, 18, 20, 35 misnumb. 2, 14, 16, 36.
510 4 $aSTC (2nd ed.)$c23134
651  0$aGreat Britain$xEconomic conditions.
651  0$aGreat Britain$xHistory$yEdward VI, 1547-1553.
700 1 $aStafford, William,$d1554-1612.
700 1 $aHales, John,$d-1571.
700 1 $aSmith, Thomas,$d1513-1577.
988   $a20020608
906   $0DLC

