LEADER 00598nam a2200217K  4500
001 005000941-9
005 20020606095253.2
008 890814r19291928fr            000 0 fre d
035 0 $aocm20172839
040   $aEEM$cEEM$dHVL
090   $aB2178.J8$bC47 1929
100 1 $aChassaigne, Marc,$d1883-
245 12$aL'affaire Calas.
260   $aParis,$bAcadémique,$c1929.
300   $a294 p.
440  0$aDrames judiciaires d'autrefois,$pdeuxième série
500   $aReprint of 1928 edition.
600 10$aCalas, Jean,$d1698-1762.
600 10$aVoltaire,$d1694-1778.
988   $a20020608
906   $0OCLC

