LEADER 02691cam a2200709 a 4500
001 005000942-7
005 20141103060718.2
008 950817s1994    gw a     b    000 0 ger  
010   $a   95193132 
015   $a94,N35,0358$2dnb
016 7 $a941770958$2DE-101
020   $a3506793268$q(alk. paper)
020   $a9783506793263$q(alk. paper)
024 8 $aZBWT00557766
035 0 $aocm32454982
040   $aDLC$beng$cDLC$dHEBIS$dOCLCQ$dDEBBG$dGBVCP$dOCLCF$dOCLCQ$dOCLCO
043   $acl-----
050 00$aHD6530.5$b.S7 1994
084   $aMI 70000$2rvk
084   $aMI 70260$2rvk
084   $aQV 400$2rvk
084   $aQV 410$2rvk
245 00$aStaat und Gewerkschaften in Lateinamerika :$bWandel im Zeichen von Demokratie und Marktwirtschaft /$cHartmut Grewe, Manfred Mols (Hrsg.) ; Redaktion, Jutta-B. Böhle-Joester, Hartmut Grewe.
260   $aPaderborn :$bF. Schöningh,$c©1994.
300   $a472 pages :$billustrations ;$c24 cm.
336   $atext$btxt$2rdacontent
337   $aunmediated$bn$2rdamedia
338   $avolume$bnc$2rdacarrier
490 1 $aStudien zur Politik ;$vBd. 26
504   $aIncludes bibliographical references (pages 446-470).
650  0$aLabor unions$zLatin America$xHistory$y20th century.
650  0$aLabor unions$xPolitical activity$zLatin America.
650  0$aLabor unions$xGovernment policy$zLatin America.
651  0$aLatin America$xEconomic conditions$y1945-
650  4$aGewerkschaft$xArgentinien$xBolivien$xBrasilien$zParaguay$zUruguay$xLateinamerika.
650  7$aEconomic history.$2fast
650  7$aLabor unions.$2fast
650  7$aLabor unions$xGovernment policy.$2fast
650  7$aLabor unions$xPolitical activity.$2fast
651  7$aLatin America.$2fast
650 07$aGeschichte.$2gnd
650 07$aGewerkschaft.$2gnd
650 07$aGewerkschaftsbewegung.$2gnd
650 07$aPolitik.$2gnd
650 07$aPolitische Reform.$2gnd
650 07$aStaat.$2gnd
651  7$aLateinamerika.$2gnd
650 07$aGewerkschaft.$2swd
650 07$aPolitische Reform.$2swd
651  7$aLateinamerika.$2swd
648  7$aSince 1900$2fast
655  7$aHistory.$2fast
650  0$aLabor unions$zLatin America.
651  0$aLatin America$xPolitics and government$y1980-
650  0$aDemocracy$zLatin America.
651  0$aLatin America$xEconomic conditions$y1982-
700 1 $aGrewe, Hartmut,$d1945-
700 1 $aMols, Manfred.
776 08$iOnline version:$tStaat und Gewerkschaften in Lateinamerika.$dPaderborn : F. Schöningh, ©1994$w(OCoLC)646971370
830  0$aStudien zur Politik (Konrad-Adenauer-Stiftung) ;$vBd. 26.
988   $a20020608
906   $0DLC

