LEADER 01295nam a2200301Ia 4500
001 005000943-5
005 20020606095253.2
008 890816m19339999it a     c    000 0 ita d
035 0 $aocm20185880
040   $aRCE$cRCE$dHFL
041 0 $aitaengfreger
111 2 $aEsposizione della Pittura Ferrarese del Rinascimento$d(1933 :$cFerrara, Italy)
245 12$aL'Esposizione della Pittura Ferrarese del Rinascimento /$csotto gli auspici della Reale Accademia d'Italia.
246 3 $aIV centenario della morte di Lodovico Ariosto.
246 3 $aFerrara Centenario Ariostesco.
260   $aVenezia :$bC. Ferrari,$c1933-
300   $av. :$bill. ;$c25 cm.
500   $aCover title.
500   $aAdded title of v. 1: 1933 XI Ferrara; IV centenario della morte di Lodovico Ariosto; added title of v. 2: Ferrara Centenario Ariostesco.
500   $aExhibition held from May 7-Oct. 30, 1933.
500   $aText in English, French, German, and Italian.
500   $a"Supplemento al n.2, 4 della Rivista di Ferrara."
505 1 $afasc. 1. La pittura ferrarese del Rinascimento -- fasc. 2. Ercole da Ferrara.
600 10$aRoberti, Ercole deʼ,$d-1496.
650  0$aPainting, Renaissance$zItaly$zFerrara$vExhibitions.
710 2 $aReale Accademia d'Italia.
988   $a20020608
906   $0OCLC

