LEADER 00479nam a2200169K  4500
001 005000944-3
005 20020606095253.2
008 890817s1917    quc           000 0 fre d
035 0 $aocm20188940
035 0 $aocm20188940$zocm23414117
040   $aRBN$cRBN$dHLS
100 1 $aGingras, Ulric-L.
245 03$aLa chanson du paysan,$bpoésies canadiennes ...
260   $aQuebec$b[Imp l'Action sociale, limetée,$c1917]
300   $a7 p. l., 173 p.$c23 cm.
988   $a20020608
906   $0OCLC

