LEADER 00608nam a2200193Ia 4500
001 005000945-1
005 20020606095253.2
008 890831s1928    fr a          000 1 fre  
010   $a   28025089 
035 0 $aocm20287654
040   $aDLC$cZRS$dHLS
090   $aPQ2613.I72$bP7 1928
100 1 $aGirardet, Philippe.
245 13$aLe professeur d'avenir :$bdessins, lettrines et culs-de-lampe de Jean-Saint-Paul /$cPhilippe Girardet.
260   $aParis :$bBerger-Levrault,$c1928.
300   $axvi, 202 p., [11] leaves of plates :$bill. ;$c19 cm.
650  0$aTwentieth century.
988   $a20020608
906   $0DLC

