LEADER 01598nam a2200385 a 4500
001 005000946-X
005 20024617115958.0
008 890428s1988    ja       b    000 0 jpn  
010   $a89132946 /AJ
020   $a4896680065 :$cY18000
035 0 $aocm20352708
040   $aDLC$cDLC$dMH-HY$dCStRLIN
041 0 $ajpn$beng
043   $aa-ja---
050 0 $aZ463$b.Y39 1988 vol. 3
100 1 $6880-01$aYayoshi, Mitsunaga,$d1900-
245 10$6880-02$aEdo machibugyō to honʾya nakama /$cYayoshi Mitsunaga cho.
260   $6880-03$aTōkyō :$bYumani Shobō,$cShōwa 63 [1988]
300   $avi, 554, 4 p. ;$c22 cm.
440  0$6880-05$aShoshi shomoku shirīzu ;$v26
490 1 $6880-04$aMikan shiryō ni yoru Nihon shuppan bunka ;$vdai 3-kan
500   $aTable of contents also in English.
504   $aIncludes bibliographical references.
650  0$aPublishers and publishing$zJapan$zTokyo$xHistory.
650  0$aPublishers and publishing$xGovernment policy$zJapan$xHistory.
651  0$aTokyo (Japan)$xIntellectual life.
880 1 $6100-01$a彌吉光長,$d1900-
880 10$6245-02$a江戶町奉行と本屋仲間 /$c彌吉光長著.
880   $6260-03$a東京 :$bゆまに書房,$c昭和63 [1988]
880  0$6440-05$a書誌書目シリーズ ;$v26
880 1 $6490-04$a未刊史料による日本出版文化 ;$v第3卷
800 1 $6880-06$aYayoshi, Mitsunaga,$d1900-$tMikan shiryō ni yoru Nihon shuppan bunka ;$vdai 3-kan.
880 1 $6800-06$a彌吉光長,$d1900-$t未刊史料による日本出版文化 ;$v第3卷.
988   $a20021214
906   $0DLC

