LEADER 01835cam a2200301 a 4500
001 005000947-8
005 20024617123543.0
008 890920m19651973ko a          000 0 kor  
010   $a67000006
035 0 $aocm20374646
040   $aDLC$cCLU$dCLSU$dMH-HY$dCStRLIN
043   $aa-kr---
050   $aJX966$b.K6 1965
245 00$6880-01$aKu Hanʾguk oegyo munsŏ /$c[Koryŏ Taehak Asea Munje Yŏnʾguso Ku Hanʾguk Oegyo Munsŏ Pʻyŏnchʻan Wiwŏnhoe pʻyŏn].
260   $6880-02$a[Seoul] :$bKoryŏ Taehakkyo Chʻulpʻanbu,$c1965-1973.
300   $a22 v. :$bill. ;$c26 cm.
500   $6880-03$aVol. 22: Pʻyŏnja, Asea Munje Yŏnʾguso Hanʾguk Kŭndae Saryo Pʻyŏnchʻansil.
505 0 $6880-04$ache 1-7-kwon. Iran -- che 8-9-kwon. Chʻŏngan --che 10-12-kwon. Mian -- che 13-14-kwon. Yŏngan -- che 15-16-kwon. Tŏgan --che 17-18-kwon. Aan -- che 19-20-kwon. Pŏban -- che 21-kwon. Ŭi, Pi, Sŏ, Kyu, Ha, Sŏan -- che 22-kwon. Kŏnmyŏng pullyu, Inmyŏng saegin, Oegyogwan yŏnpʻyo.
651  0$aKorea$xForeign relations$xTreaties.
651  0$aKorea$xForeign relations$xSources.
710 2 $6880-05$aKoryŏ Taehakkyo.$bAsea Munje Yŏnʾguso.
880 00$6245-01$a舊韓國外交文書 /$c[高麗大學亞細亞問題硏究所舊韓國外交文書編縑委員會編].
880   $6260-02$a[Seoul] :$b高麗大學校出版部,$c1965-1973.
880   $6500-03$aVol. 22: 編者, 亞細亞問題硏究所韓國近代史料編縑室.
880 0 $6505-04$a第1-7卷. 日案 -- 第 8-9卷. 淸案 -- 第10-12卷. 美案 -- 第13-14卷. 英案 -- 第15-16卷. 德案 -- 第17-18卷. 俄案 -- 第19-20卷. 法案 -- 第21卷. 義．比．瑞．鮭．荷案 -- 第22卷. 件名分類．人名索引．外交官年表.
880 2 $6710-05$a高麗大學校.$b亞細亞問題硏究所.
988   $a20021207
906   $0DLC

