LEADER 01103nam a2200301K  4500
001 005000948-6
005 20090204142256.0
008 910607s1766    xx      s     000 0 fre d
035 0 $aocn612677853
035 0 $aocm23897531
035 0 $aocm20382800
040   $aVWM$cVWM$dHHG
043   $ae-uk---$ae-fr---
090   $aHB161$b.G64 no. 10215
090   $aDA410$b.H2 [5]
245 00$aComparaison de l'impot de France avec celui d'Angleterre.
260   $aÀ Londres,$bChez Paul Vaillant,$c1766.
300   $a42 p.$c21 cm.
500   $aAttributed to "Count Bruhl, the Saxon minister" in ms. note on verso of t.-p.
500   $aNo. 3 in a volume labeled on spine: Miscel. francoise.
501   $aBound with: Hammond, Robert. Letters between Col. Robert Hammond ... and the Committee of Lords and Commons. London, 1764.
500   $aGoldsmiths'-Kress no. 10215.
650  0$aTaxation$zGreat Britain$xHistory.
650  0$aTaxation$zFrance$xHistory.
700 1 $aBrühl, Heinrich,$cGraf von,$d1700-1763.
830  0$aMaking of the Modern World.$5net
988   $a20020608
906   $0OCLC

