LEADER 01027naa a2200265I  4500
001 005000949-4
005 20051025124054.0
008 891006s1918    paua     b    000 0 eng c
010   $a   18020896 
035 0 $aocm20450867
040   $aUniv. of Chicago Libr.$cWAU$dHMZ
050 14$aQP255$b.C67
100 1 $aCohn, Edwin J.$q(Edwin Joseph),$d1892-1953.
245 00$aStudies in the physiology of Spermatozoa.$cBy Edwin Joseph Cohn.
246 30$aPhysiology of Spermatozoa
260   $a[Lancaster, Pa.,$c1918]
300   $a1 p. 1., p. 167-218.$bdiagrs.$c24 cm.
500   $a"Private edition, distributed by the University of Chicago libraries, Chicago, Illinois."
502   $aThesis (PH. D) -- University of Chicago, 1917.
504   $a"Literature": p. 215-218.
650  0$aSpermatozoa.
773 0 $tBiol. Bull.$g1918. 34. 167-218.
776 08$iOnline version:$aCohn, Edwin Joseph, 1892-1953.$tStudies in the physiology of Spermatozoa .$d[Lancaster, Pa., 1918]$w(OCoLC)644841276
988   $a20020608
906   $0OCLC

