LEADER 00683nam a2200217Ia 4500
001 005000950-8
005 20020606095253.2
008 891018s1830    enka          000 0 eng d
035 0 $aocm20508136
040   $aTYC$cTYC$dHHG
090   $aDA537$b.C66
100 1 $aCommon sense.
245 14$aThe affairs of the nation :$brepresented to the Duke of Wellington /$cby Common sense.
260   $aLondon :$bE. Wilson,$c1830.
300   $aiv, 250 p. ;$c20 cm.
500   $aEngraved title vignette by George Cruikshank.
510 4 $aCohn (1924):$c10
651  0$aGreat Britain$xHistory$yGeorge IV, 1820-1830.
700 1 $aCruikshank, George,$d1792-1878.
988   $a20020608
906   $0OCLC

