LEADER 00609nam a2200181Ka 4500
001 005000951-6
005 20020606095253.2
008 891031s1909    xx            000 0 eng d
035 0 $aocm20575802
040   $aDPL$cDPL$dHMZ
100 1 $aCockerell, Theodore D. A.$q(Theodore Dru Alison),$d1866-1948.
245 10$aFossil diptera from Florissant, Colo.
260   $aNew York :$bAmerican Museum of Natural History,$c1909.
300   $a4 p. :$bplates
650  0$aInsects, Fossil$zColorado.
773 0 $tBulletin of the American Museum of Natural History,$g1909 v.26, part.2, p.9-12.
988   $a20020608
906   $0OCLC

