LEADER 01511cam a2200253 a 4500
001 005000952-4
005 20024617123543.0
008 891113m19721974ko            000 0 kor  
010   $a73834713
035 0 $aocm20642808
040   $aDLC$cCLU$dOCoLC$dMH-HY$dCStRLIN
245 00$6880-01$aKu Hanʾguk oegyo kwanʾgye pusok munsŏ /$c[Pʻyŏnja Asea Munje Yŏnʾguso Hanʾguk Kŭndae Saryo Pʻyŏnchʻansil].
260   $6880-02$a[Seoul] :$bKoryŏ Taehakkyo Chʻulpʻanbu,$c1972-1974.
300   $a8 v. ;$c26 cm.
505 0 $6880-03$aChe 1-kwon. Haegwanan 1 -- Che 2-kwon. Haegwanan 2-- Che 3-kwon. Tʻongsŏ ilgi 1 -- Che 4-kwon. Tʻongsŏ ilgi 2 -- Che 5-kwon. Tʻongsŏ ilgi 3 -- Che 6-kwon. Oewimun ilgi -- Che 7-kwon. Kyosŏpkuk ilgi -- Che 8-kwon. Kandoan.
651  0$aKorea$xForeign relations$xTreaties.
651  0$aKorea$xForeign relations$xSources.
710 2 $6880-04$aKoryŏ Taehakkyo.$bAsea Munje Yŏnʾguso.$bHanʾguk Kŭndae Saryo Pʻyŏnchʻansil.
880 00$6245-01$a舊韓國外交關係附屬文書 /$c[編者亞細亞問題硏究所韓國近代史料編縑室].
880   $6260-02$a[Seoul] :$b高麗大學校出版部,$c1972-1974.
880 0 $6505-03$a第1卷. 海關案1 -- 第2卷. 海關案2 -- 第3卷. 統署日記1 --第4卷. 統署日記2 -- 第5卷. 統署日記3 -- 第6卷. 外衛門日記 -- 第7卷. 交涉局日記 -- 第8卷. 間島案.
880 2 $6710-04$a高麗大學校.$b亞細亞問題硏究所.$b韓國近代史料編縑室.
988   $a20021207
906   $0DLC

