LEADER 01101cam a2200289 a 4500
001 005000953-2
005 20024617115958.0
008 891114r19851920ja            000 0 jpn d
035 0 $aocm20644804
035 0 $aocm20644804$zocm22803493
040   $aTxU$cTxU$dOCoLC$dMH-HY$dCStRLIN
100 1 $6880-01$aŌsugi, Sakae,$d1885-1923.
245 10$6880-02$aKojiki no meiyo /$cŌsugi Sakae, Itō Noe kyōcho.
250   $6880-03$aFukkokuban.
260   $6880-04$aTōkyō :$bFuji Shuppan,$c1985.
300   $a2, 228, 13 p. ;$c20 cm.
440  0$6880-05$aSōsho "Seitō" no onna tachi ;$vdai 2 kan
500   $aReprint. Originally published : Tōkyō : Shūeikaku, 1920. As Shakai bungei sōsho ; v. 3.
700 1 $6880-06$aIto, Noe,$d1895-1923.
880 1 $6100-01$a大杉榮,$d1885-1923.
880 10$6245-02$a乞食の名譽 /$c大杉榮, 伊藤野枝共著.
880   $6250-03$a復刻版.
880   $6260-04$a東京 :$b不二出版,$c1985.
880  0$6440-05$a叢書「青鞜」の女たち ;$v第2卷
880 1 $6700-06$a伊藤野枝,$d1895-1923.
988   $a20021214
906   $0OCLC

