LEADER 00668nam a2200193Ia 4500
001 005000954-0
005 20040331144120.0
008 891115s1940    mauaf    c    000 0 eng d
035 0 $aocm20655579
040   $aCUY$cCUY$dHFL
110 2 $aFogg Art Museum.
245 10$aArt, genuine or counterfeit :$ba guide to the exhibition : a loan exhibition /$carranged by the Museum Class.
260   $aCambridge, Mass. :$bFogg Museum of Art,$c[1940]
300   $a[30] leaves, [69] leaves of plates :$bill. ;$c35 cm.
500   $aReproduced from a type-written copy.
650  0$aArt$xForgeries$vExhibitions.
650  0$aArt objects$vExhibitions.
988   $a20020608
906   $0OCLC

