LEADER 00806cam a2200253ua 4500
001 005000955-9
005 20024617123543.0
008 890929s1968    ko       b    000 0 kor d
035 0 $aocm20657047
040   $aNN$cNN$dCLU$dMH-HY$dCStRLIN
041 0 $akor$beng
043   $aa-kr---
100 1 $6880-01$aNo, Kye-hyŏn,$d1932-
245 10$6880-02$aHanʾguk oegyosa yŏnʾgu /$cNo Kye-hyŏn chŏ.
260   $6880-03$aSŏul Tʻŭkpyŏlsi :$bHaemunsa,$c1968.
300   $a383 p. ;$c22 cm.
500   $aSummaries in English.
504   $aIncludes bibliographical references.
651  0$aKorea$xForeign relations.
880 1 $6100-01$a盧啓鉉.
880 10$6245-02$a韓國外交史研究 /$c盧啓鉉著.
880   $6260-03$a서울特别市 :$b海文社,$c1968.
988   $a20021207
906   $0OCLC

