LEADER 01273cam a2200313Ia 4500
001 005000956-7
005 20020606095253.2
008 891116s1907    azua     b   s000 0 eng d
035 0 $aocm20661794
040   $aAZS$cAZS$dAGL$dHMZ
043   $an-us-az
072   $aF821
086   $aAES 1.3:B 85/56$2azdocs
100 1 $aCockerell, Theodore D. A.$q(Theodore Dru Alison),$d1866-1948.
245 14$aThe scale insects of the date palm /$cby T.D.A. Cockerell ; The extermination of date-palm scales / by R.H. Forbes.
246 3 $aExtermination of date palm scales.
260   $aTucson, Ariz. :$b[University of Arizona,$c1907]
300   $ap. [185]-207, [5] leaves of plates :$bill. ;$c23 cm.
490 1 $aBulletin / Arizona Agricultural Experiment Station ;$vno. 56
500   $aCover title.
500   $a"Sept. 23, 1907."
504   $aIncludes bibliographical references.
650  0$aScale insects.
650  0$aDate palm$xDiseases and pests$xControl$zArizona.
700 12$aForbes, R. H.$q(Robert Humphrey),$d1867-1968.$tExtermination of date-palm scales.
710 2 $aUniversity of Arizona.$bAgricultural Experiment Station.
830  0$aBulletin (University of Arizona. Agricultural Experiment Station) ;$vno. 56.
988   $a20020608
906   $0OCLC

