LEADER 01147cam a2200313 a 4500
001 005000957-5
005 20024617115958.0
008 891117r19851913ja            000 0 jpn d
035 0 $aocm20665810
040   $aTxU$cTxU$dAzU$dMH-HY$dCStRLIN
043   $aa-ja---
100 1 $6880-01$aHiratsuka, Raichō,$d1886-1971.
245 10$6880-02$aMarumado yori /$cRaichō ; [Kaisetsu Nagahata Michiko].
250   $6880-03$aFukkokuban.
260   $6880-04$aTōkyō :$bFuji Shuppan,$c1985.
300   $a325, 9 p. ;$c19 cm.
440  0$6880-05$aSōsho "Seitō" no onna tachi ;$vdai 1 kan
500   $aOriginally published: Tōkyō: Shinonomedō Shoten, 1913.
650  0$aWomen$zJapan$xSocial conditions.
650  0$aFeminism$zJapan.
700 1 $6880-06$aNagahata, Michiko,$d1930-
880 1 $6100-01$a平塚らいてう,$d1886-1971.
880 10$6245-02$a圓窓より /$cらいてう ; [解說永畑道子].
880   $6250-03$a復刻版.
880   $6260-04$a東京 :$b不二出版,$c1985.
880  0$6440-05$a叢書「青鞜」の女たち ;$v第1卷
880 1 $6700-06$a永畑道子,$d1930-
988   $a20021214
906   $0OCLC

