LEADER 01107cam a2200325 a 4500
001 005000958-3
005 20024617115958.0
008 891120r19861928ja ac         000 0djpn d
035 0 $aocm20676637
040   $aTxU$cTxU$d*UC5*$dMH-HY$dCStRLIN
043   $aa-ja---
100 1 $6880-01$aUeno, Yōko,$d1886-1928.
240 10$aWorks.$f1986.
245 10$6880-02$aYōko zenshū /$c[chosha Ueno Yōko].
250   $6880-03$aFukkokuban.
260   $6880-04$aTōkyō :$bFuji Shuppan,$c1986.
300   $a2 v. :$bill., ports. ;$c20 cm.
440  0$6880-05$aSōsho "Seitō" no onnatachi ;$vdai 12 kan
500   $aOriginally published: Nagoya-shi : Isseisha, 1928.
630 00$6880-06$aSeitō.
650  0$aFeminism$zJapan.
650  0$aWomen$zJapan$xSocial conditions.
880 1 $6100-01$a上野葉子,$d1886-1928.
880 10$6245-02$a葉子全集 /$c[著者上野葉子].
880   $6250-03$a復刻版.
880   $6260-04$a東京 :$b不二出版,$c1986.
880  0$6440-05$a叢書「青鞜」の女たち ;$v第12卷
880 00$6630-06$a青鞜.
988   $a20021214
906   $0OCLC

