LEADER 00854nas a2200241 a 4500
001 005000959-1
005 20050329171944.0
008 891127c19uu9999coutr p       0    0eng d
010   $asn 89033327 
035 0 $aocm20698102
040   $aIXA$cIXA$dDPN
042   $alcd
130 0 $aNewsletter (Rocky Mountain Institute for Pre-Columbian Studies)
245 10$aNewsletter /$cRocky Mountain Institute for Precolumbian Studies.
260   $a[Lakewood, Colo.] :$bThe Institute,
300   $av. ;$c28 cm.
310   $aThree times a year
500   $aDescription based on: 1983, no. 2 (May 9, 1983); title from caption.
610 20$aRocky Mountain Institute for Pre-Columbian Studies$vPeriodicals.
650  0$aIndians$xStudy and teaching$vPeriodicals.
710 2 $aRocky Mountain Institute for Pre-Columbian Studies.
988   $a20020608
906   $0OCLC

