LEADER 00872cam a2200241 a 4500
001 005000960-5
005 00000000000000.0
008 891128s1964    azua         s000 0 eng d
035 0 $aocm20703869
040   $aRQF$cRQF$dAGL$dOCL$dHBS
050 14$aS30.5$b.S73
072   $aN200
086   $aAES 1.3:T 73/154$2azdocs
100 1 $aMartin, William Edwin.
245 10$aFarm machinery costs in the Western States /$c[William E. Martin].
260   $aTucson, Ariz. :$bAgricultural Experiment Station, College of Agriculture, University of Arizona,$c1964.
300   $a91 p. :$bill. ;$c23 cm.
490 1 $aTechnical bulletin / University of Arizona, Agricultural Experiment Station ;$v154
500   $aCover title.
650  0$aAgricultural machinery$xCost of operation.
830  0$aTechnical bulletin (University of Arizona) ;$v154.
988   $a20020608
906   $0OCLC

