LEADER 01033cam a2200265 a 4500
001 005000961-3
005 00000000000000.0
008 891129s1963    azua     bs  s000 0 eng d
035 0 $aocm20708101
040   $aAZS$cAZS$dRQF$dHBS
043   $an-us---
072   $aF110
086   $aAES 1.3:R 36/220$2azdocs
100 1 $aHill, James S.
245 12$aA statistical handbook for the desert grapefruit industry /$c[James S. Hill].
260   $aTucson, Ariz. :$bAgricultural Experiment Station, University of Arizona,$c1963.
300   $aiv, 54 leaves :$bill. ;$c28 cm.
490 1 $aReport / University of Arizona, Agricultural Experiment Station ;$v220
500   $a"September 1963"--T.p. ; "February, 1964"--Cover.
504   $aIncludes bibliographical references.
650  0$aCitrus fruit industry$zUnited States$vStatistics.
710 2 $aUniversity of Arizona.$bAgricultural Experiment Station.
830  0$aReport (University of Arizona. Agricultural Experiment Station) ;$vno. 220.
988   $a20020608
906   $0OCLC

