LEADER 01150nas a2200277 a 4500
001 005000962-1
005 20020604113839.0
008 931006u1977uuuucc uu p r     0  |e0chi d
035 0 $aocm28950280
040   $aCLU$cCLU$d*YNH*$dCStRLIN
245 00$6880-01$aLi lun dong tai /$cZhong gong zhong yang dang xiao li lun yan jiu shi bian.
250   $6880-02$aHui bian ben.
260   $a[Hong kong :$bs.n.,$c1986?]
300   $av. ;$c25 cm.
362 1 $aBegan in 1977.
500   $6880-03$aDescription based on: Ti 5 chi, consisting of ti 89-106 chʻi, published in 1979.
580   $6880-04$aReprint. Originally published: Beijing : Ren min chu ban she.
650  0$aSocialism$zChina.
710 2 $6880-05$aZhong gong zhong yang dang xiao.$bLi lun yan jiu shi.
880 00$6245-01$a理论动态 /$c中共中央党校理论硏究室编.
880   $6250-02$a汇编本.
880   $6500-03$aDescription based on: 第5辑, consisting of 第89-106期, published in 1979.
880   $6580-04$aReprint. Originally published: 北京: 人民出版社.
880 2 $6710-05$a中共中央党校.$b理论硏究室.
988   $a20021201
906   $0OCLC

