LEADER 00731cam a2200217ua 4500
001 005000963-X
005 20024617123543.0
008 891018s1958    ko a          000 0 kor d
035 0 $aocm20774851
040   $aNN$cNN$dOCoLC$dMH-HY$dCStRLIN
043   $aa-kr---
100 1 $6880-01$aChʻoe, Sang-su.
245 10$6880-02$aHanʾguk minʾgan chŏnsŏl chip /$cChʻoe Sang-su chŏ.
260   $6880-03$aSŏul Tʻŭkpyŏlsi :$bTʻongmunʾgwan,$cTanʾgi 4291 [1958]
300   $a35, 578 p. :$bill. ;$c23 cm.
650  0$aLegends$zKorea.
880 1 $6100-01$a崔常壽.
880 10$6245-02$a韓國民間傳說集 /$c崔常壽著.
880   $6260-03$a서울特别市 :$b通文館,$c檀紀4291 [1958]
988   $a20021207
906   $0OCLC

