LEADER 00628naa a2200193K  4500
001 005000964-8
005 20020606095253.2
008 891214s1900    dcua         f000 0 eng d
035 0 $aocm20782705
040   $aCLU$cCLU$dHMZ
100 1 $aCobb, John N.$q(John Nathan),$d1868-1930.
245 04$aThe lobster fishery of Maine.
260   $a[Washington,$bGovt. Print. Off.,$c1900]
300   $ap. 241-265.$billus.
490 1 $a[U.S. Commission of fish and fisheries. Doc. 445]
773 0 $tBull. U.S. Fish. Comm.$g1899 (1900). 241-265. pl. 28-32.
830  0$aBureau of Fisheries document ;$vno. 445.
988   $a20020608
906   $0OCLC

