LEADER 00806nam a2200241I  4500
001 005000965-6
005 20020606095253.2
008 891219s1865    cs            000 0 cze d
035 0 $aocm20802207
040   $aCLU$cCLU$dHLS
050  4$aBX4921$b.G43d
090   $aBX4921$b.G43d
100 1 $aGindely, Antonín,$d1829-1892,$eed.
245 10$aDekrety Jednoty bratrské.
260   $aV Praze,$bI. L. Kober,$c1865.
300   $a320 p.
490 1 $aMonumenta historiae Bohemica =$aStaré paměti dějin českých ;$v1
505 0 $aSpisy bratraké. 1.
610 20$aBohemian Brethren.
776 08$iOnline version:$aGindely, Antonín, 1829-1892.$tDekrety Jednoty bratrské.$dV Praze, I.L. Kober, 1865$w(OCoLC)793566022
830  0$aStaré paměti dějin českých ;$v1.
988   $a20020608
906   $0OCLC

