LEADER 00634nam a2200217K  4500
001 005000966-4
005 20020606095253.2
008 891220q19201929ag            000 0 spa d
035 0 $aocm20805137
040   $aRQL$cRQL$dHLS
100 1 $aFrugoni, Emilio,$d1880-1969.
245 10$aMontevideanos poemas.
246 3 $aPoemas montevideanos.
260   $a[Buenos Aires]$bEditorial Claridad$c[192-]
300   $a82 p.$c16 cm.
490 0 $aLos Poetas,$vno. 57
500   $aCover title: Poemas montevideanos.
650  0$aPoetry of places$zUruguay$zMontevideo.
651  0$aMontevideo (Uruguay)$vPoetry.
988   $a20020608
906   $0OCLC

