LEADER 00946cam a2200265 a 4500
001 005000967-2
005 20024617104250.0
008 891220s1964    hk            000 0 chi d
035 0 $aocm20805648
040   $aCLU$cCLU$dHkUST$dMH-HY$dCStRLIN
100 0 $6880-01$aWeixingshiguanzhaizhu.
245 10$6880-02$aZhongguo tong xing lian mi shi /$cWeixingshiguanzhaizhu zhu.
250   $6880-03$aChu ban.
260   $6880-04$aXianggang :$bYu zhou chu ban she,$c1964.
300   $a2 v.$c19 cm.
500   $6880-05$aOn cover: Ben shu ceng zai Xianggang Xin sheng wan bao lian zai.
500   $aXerox copy.
650  0$aHomosexuality$zChina.
880 0 $6100-01$a唯性史觀齋主.
880 10$6245-02$a中國同性戀秘史 /$c唯性史觀齋主著.
880   $6250-03$a初版.
880   $6260-04$a香港 :$b宇宙出版社,$c1964.
880   $6500-05$aOn cover: 本書曾在香港新生晚報連載.
988   $a20021127
906   $0OCLC

