LEADER 00631nam a2200205K  4500
001 005000968-0
005 20020606095253.2
008 891221s1901    fr       b    000 0 fre d
035 0 $aocm20811934
040   $aCUY$cCUY$dHVL
090   $aD13$b.A9
100 1 $aAzard, Charles.
245 04$aLes droits de l'histoire;$bla diffamation envers les morts et la critique historique,$cpar Charles Azard ...
260   $aParis,$bA. Rousseau,$c1901.
300   $a2 p. l., iii, [5]-161 p., 1 l.$c24 cm.
504   $a"Bibliographie": p. [157]-158.
650  0$aHistoriography.
650  0$aLibel and slander.
988   $a20020608
906   $0OCLC

