LEADER 00678cas a22002417  4500
001 005000969-9
005 20020606095253.2
008 890308d19421944nyuuu p       0    0ger d
010   $asn 92014070 
035 0 $aocm23263260
035 0 $aocm20869034
040   $aNYP$cNYP$dNST$dHLS
042   $alcd
245 00$aEuropäische Literatur.
260   $aBerlin,$bDeutscher Verlag.
300   $a3 v.$bill.$c30 cm.
310   $aMonthly
362 0 $aJahrg. 1-3, Heft 1-9; Mai 1942-Sept. 1944.
650  0$aLiterature$vPeriodicals.
650  0$aLiterature$xHistory and criticism$vPeriodicals.
780 00$tLiteratur (Stuttgart, Germany : 1923)
988   $a20020608
906   $0OCLC

