LEADER 01086cam a2200289La 4500
001 005000970-2
005 20070428112302.0
008 870817s1696    stk     s     000 0 eng d
035 0 $aocn612677877
035 0 $aocm20882599
040   $aGKS$cGKS$dHHG
043   $ae-uk-st
090   $aHB161$b.G64 no. 3239.2-1 suppl.
110 2 $aCompany of Scotland Trading to Africa and the Indies.
245 12$aA list of the subscribers to the Company of Scotland Trading to Africa and the Indies :$btaken in Edinburgh, &c. until the 21 of April inclusive 1696.
260   $a[Edinburgh? :$bs.n.,$c1696?]
300   $a12 p. ;$c30 cm.
500   $aCaption title.
500   $aPlace and date of printing from Kress Lib.
510 4 $aKress Lib.,$cS.1926.
510 4 $aWing$cC5598.
500   $aGoldsmiths'-Kress no. 03239.2-1, suppl.
610 20$aCompany of Scotland Trading to Africa and the Indies$xRegisters.
830  0$aGoldsmiths'-Kress library of economic literature ;$vno. 3239.2-1 suppl.$5bak
830  0$aMaking of the Modern World.$5net
988   $a20020608
906   $0OCLC

