LEADER 01026cam a2200289La 4500
001 005000971-0
005 20070428112618.0
008 871120s1649    fr      s     000 0 fre d
035 0 $aocn612677894
035 0 $aocm20885497
040   $aGKS$cGKS$dHHG
043   $ae-fr---
090   $aHB161$b.G64 no. 1141.0 suppl.
245 00$aComplainte des partisans au cardinal Mazarin :$bsur le restablissement de leurs bureaux en France.
260   $a[Paris? :$bs.n.],$c1649.
300   $a7 p. ;$c23 cm.
500   $aPlace of printing from Kress Lib.
510 4 $aKress Lib.,$cS.953.
510 4 $aMoreau$c725, corrected by Additions 69.
500   $aGoldsmiths'-Kress no. 01141.0, suppl.
600 10$aMazarin, Jules,$d1602-1661.
650  0$aTaxes, Farming of$zFrance$vEarly works to 1800.
651  0$aFrance$xPolitics and government$y1643-1715.
830  0$aGoldsmiths'-Kress library of economic literature ;$vno. 1141.0 suppl.$5bak
830  0$aMaking of the Modern World.$5net
988   $a20020608
906   $0OCLC

