LEADER 00607nas a22002057a 4500
001 005000972-9
005 20020606095253.2
008 900112u19uu9999fr uu m       0    0fre  
010   $asf 90090456 
035 0 $aocm20892952
040   $aDLC$cDLC$dHLS
042   $alcd
050 00$aWMLC L 83/8207
245 00$aÉtude de marché.
260   $aParis :$bSyndicat général de l'industrie cotonnière française,
300   $av.
500   $aDescription based on: no 6, published in 1956; title from cover.
710 2 $aSyndicat général de l'industrie cotonnière française.
988   $a20020608
906   $0DLC

