LEADER 00566nam a2200181K  4500
001 005000973-7
005 20020606095253.2
008 900124s1870    fr f          000 0 fre  
035 0 $aocm20947842
040   $aDLC$cSTF$dHLS
100 1 $aGodard, Léon Nicolas,$d1825-1863.
245 02$aL'Espagne moeurs et paysages, histoire et monuments.$cOrné de quatre gravures d'après m. Gustave Doré.
250   $a3. ed.
260   $aTours,$bA. Mame,$c1870.
300   $a352 p.$bfront., plates.$c27 cm.
651  0$aSpain$xDescription and travel.
988   $a20020608
906   $0DLC

