LEADER 00510nam a2200181K  4500
001 005000974-5
005 20020606095253.2
008 900131s1964    quc           000 0 fre d
035 0 $aocm20978849
040   $aRBN$cRBN$dHLS
100 1 $aGagnon, Alphonse,$d1916-
245 10$aIntensité,$bpoèmes et parodies.
260   $aMontréal,$bEditions du Jour$c[c1964]
300   $a111, [1] p.$c21 cm.
490 0 $aCollection: Les Poètes du Jour,$vM3
650  0$aFrench-Canadian poetry.
988   $a20020608
906   $0OCLC

