LEADER 00476nam a2200169K  4500
001 005000975-3
005 20020606095253.2
008 900201s1921    oncc          000 0 fre d
035 0 $aocm20984284
040   $aRBN$cRBN$dHLS
100 1 $aGirard, Rodolphe,$d1879-1956.
245 14$aLes ailes cassées,$bcomédie en quatre acts.
260   $a[Ottawa,$bLe Courrier Federal,$cc1921]
300   $a23 p.$bport.$c30 cm.
650  0$aFrench-Canadian poetry.
988   $a20020608
906   $0OCLC

