LEADER 00738nam a2200241K  4500
001 005000976-1
005 20020606095253.2
008 900205s1960    pe            000 0 spa d
010   $a   61034727 /L
035 0 $aocm21002298
040   $aRQL$cRQL$dHLS
050 0 $aPQ 6208.L6$bG6
100 2 $aGodard Alzamora, José,$ecomp.
245 10$aHablemos de amor;$bgran seleccíon de poemas románticos de los genios de amor.
250   $a2. ed. corr. y aumentada.
260   $aLima,$c[1960]
300   $a311 p.$c21 cm.
500   $a"Este libro nació en el programa radiofónico Hablemos de amor."
650  0$aLove poetry.
650  0$aSpanish poetry.
650  0$aPoetry$xTranslations into Spanish.
988   $a20020608
906   $0OCLC

