LEADER 01080nam a2200265M  4500
001 005000977-X
005 20090804152830.0
008 891201s1967    sp ch         000 0 spa  
010   $a   76249802 
035 0 $aocm21008246
040   $aDLC$cNAM$dHLS
043   $ae-sp---
050 0 $aLA917.A2$bA9
100 1 $aAzcárate, Pablo de,$d1890-1971,$ecomp.
245 13$aLa cuestión universitaria, 1875.$bEpistolario de Francisco Giner de los Ríos, Gumersindo de Azcárate [y] Nicolás Salmerón. Introducción, notas e indices$cpor Pablo de Azcárate.
260   $aMadrid,$bEditorial Tecnos$c[1967]
300   $a180 p.$bfacsims., ports.$c24 cm.
650  0$aUniversities and colleges$zSpain$xHistory.
655  7$aHistory.$2fast
700 2 $aGiner de los Ríos, Francisco,$d1839-1915
700 1 $aAzcárate, Gumersindo de,$d1840-1917.
700 1 $aSalmerón y Alonso, Nicolás,$d1838-1908.
776 08$iOnline version:$aAzcárate, Pablo de, 1890-1971.$tCuestión universitaria, 1875.$dMadrid, Editorial Tecnos [1967]$w(OCoLC)579682749
988   $a20020608
906   $0DLC

