LEADER 00658nam a2200217I  4500
001 005000978-8
005 20020606095253.2
008 900215s1947    mau           000 0 eng d
035 0 $aocm21070555
040   $aMTH$cMTH$dHFL
043   $aa-cc---
110 2 $aFogg Art Museum.
245 14$aThe use of blue on Chinese porcelain of the Ming Dynasty, 1368-1644.
260   $a[Cambridge,$bHarvard University Press]$c1947.
300   $a[12] p.$c23 cm.
500   $aCover title.
500   $aCover serves as title-page.
650  0$aPorcelain, Chinese$yMing-Qing dynasties, 1368-1912.
650  0$aPorcelain, Chinese$xHistory.
988   $a20020608
906   $0OCLC

