LEADER 01141nam a2200277M  4500
001 005000979-6
005 20020606095253.2
008 900201s1889    enka          000 0 eng d
035 0 $aocm06839679
035 0 $aocm21126457
040   $aTEU$cTEU$dHLS
043   $amm-----
050  4$aGV817.M4$bG3
100 2 $aGambier-Parry, Ernest,$d1853-1935.
245 10$aSketches of a yachting cruise.
260   $aLondon,$bW. H. Allen,$c1889.
300   $a271 p.$billus.$c23 cm.
505 0 $aOutward bound -- Algeria -- Sicily -- Corfu and Albania -- Ithaca ; Zante ; Olympia -- Navarino -- Hydra ; Corinth -- Sunium ; Marathon ; Euboea -- Mount Athos ; Russico -- Mount Athos ; Vatopedi -- Gallipoli ; Scutari ; Sevastopol.
651  0$aMediterranean Sea$xDescription and travel.
650  0$aYachts.
650  0$aYachting$zMediterranean Region.
651  0$aMediterranean Region$xDescription and travel.
710 2 $aW.H. Allen & Co,$epublisher.
776 08$iOnline version:$aGambier Parry, E. (Ernest), 1853-1936.$tSketches of a yachting cruise.$dLondon : W.H. Allen & Co., 1889$w(OCoLC)894103139
988   $a20020608
906   $0OCLC

