LEADER 00770nam a2200229I  4500
001 005000980-X
005 20020606095253.2
008 900302s1960    ru       b    000 0 ruso 
010   $a   61038973 
035 0 $aocm21145610
040   $aDLC$cWAU$dHLS
043   $ae-fr---
050 0 $aLA691.7$b.F8
100 1 $aFrumov, Solomon Abramovich.
245 10$aFrant︠s︡uzski︠a︡ shkola i borʹba za ee demokratizat︠s︡ii︠u︡, 1850-1870.
260   $aMoskva,$bIzd-vo Akademii pedagog. nauk RSFSR,$c1960.
300   $a583 p.$c23 cm.
500   $aAt head of title: Akademii︠a︡ pedagogicheskikh nauk RSFSR. Institut teorii i istorii pedagogiki.
504   $aBibliography: p. 573-[582]
650  0$aEducation$zFrance$xHistory.
988   $a20020608
906   $0DLC

