LEADER 00700nam a2200217I  4500
001 005000981-8
005 20020606095253.2
008 900307s1961    fr            000 0 fre  
010   $a   63030334 /L
035 0 $aocm21182676
040   $aDLC$cLUL$dHVL
043   $ae-fr---
100 1 $aTunc, André.
245 10$aCours de droit notarial,$brédigé d'après les notes et avec l'autorisation de André Tunc.
260   $aParis,$bCours de droit,$c[1961]
300   $a415 p.$c25 cm.
500   $a"Capacité 2e année 1960-1961."
500   $aPrevious editions published under title: Cours de droit privé notarial.
650  0$aNon-contentious jurisdiction$zFrance.
988   $a20020608
906   $0DLC

