LEADER 01051nam a2200277Ia 4500
001 005000982-6
005 20020606095253.2
008 900314s1873    fr af         000 0 fre d
035 0 $aocm45575785
035 0 $aocm21211356
040   $aFUG$cFUG$dHLS$dHMM
043   $ae-fi---$ae-no---$ae-sw---
050 00$aDL971.L2$bG55 1873
090   $aDL971.L2$bG521 1873
100 1 $aGoblet d'Alviella, Eugène,$ccomte,$d1846-1925.
245 10$aSahara et Laponie /$cpar le Comte Goblet d'Alviella.
260   $aParis :$bH. Plon,$c1873.
300   $a302 p., [18] leaves of plates :$bill. ;$c19 cm.
505 0 $a1. Un mois au sud de l'Atlas -- 2. Un voyage au Cap Nord.
651  0$aSahara$xDescription and travel.
651  0$aLapland$xDescription and travel.
752   $aFrance$dParis.
776 08$iOnline version:$aGoblet d'Alviella, Eugène, comte, 1846-1925.$tSahara et Laponie.$dParis : Henri Plon, 1873$w(OCoLC)894917456
830  0$aHarvard College Library preservation microfilm program ;$v02603.$5mmf
988   $a20020608
906   $0OCLC

