LEADER 01009nam a2200265 a 4500
001 005000983-4
005 20020606095253.2
008 900301s1974    fr a     c    000 0 fre  
010   $a   89182142 
035 0 $aocm21232222
040   $aDLC$cDLC$dHFL
041 0 $afreger
043   $ae-ur-ru
050 00$aN6988$b.V57 1974
245 00$aVision russe :$bécole russe du XXe siècle : catalogue de l'exposition = Russische Malerei und Graphik des 20. Jahrhunderts : Ausstellungskatalog, Heidelberger Kunstverein, Heidelberg, 14. Juli bis 15. September 1974.
260   $a[Paris?] :$bEditions Art-C.C. Christophe Czwiklitzer,$c[1974]
300   $a323 p. :$bchiefly ill. (some col.) ;$c35 cm.
500   $aFrench and German.
500   $aIntrod. by Christophe Czswiklitzer.
650  0$aArt, Russian$vExhibitions.
650  0$aArt, Modern$y20th century$zRussia (Federation)$vExhibitions.
700 1 $aCzswiklitzer, Christophe.
710 2 $aHeidelberger Kunstverein.
988   $a20020608
906   $0DLC

