LEADER 00583nam a2200181Ki 4500
001 005000984-2
005 20101021101647.0
008 900329s1928    gw            000 0 ger d
035 0 $aocn123270481
035 0 $aocm21280072
040   $aKEI$cSER$dHVL
245 04$aDie Organe der Sozialpolitik im Deutchen Reich :$bein Sozialbehördenlexikon /$cherausgegeben von Georg Hartrodt, Ludwig Breller.
260   $aBerlin :$bR. Hobbing,$c1928.
300   $axi, 1220 p.
651  0$aGermany$xSocial policy.
650  0$aAssociations, institutions, etc.$zGermany.
988   $a20020608
906   $0OCLC

