LEADER 00828nam a22002297  4500
001 005000985-0
005 19971009102951.9
008 900405s1950    cau           000 0 eng d
035 0 $aocm21323320
040   $aLPU$cSER$dHBS
100 1 $aAdams, R. L.$q(Richard Laban),$d1883-1957.
245 14$aThe almond industry of Europe and North Africa.
260   $aBerkeley, Calif.,$c1950.
300   $a45 numb. l.
500   $aCover-title.
500   $aAt head of title: University of California. College of Agriculture. Agricultural Experiment Station. Berkeley, California.
500   $aContribution from the Giannini Foundation of Agricultural Economics.
650  0$aAlmond.
710 2 $aCalifornia Agricultural Experiment Station.
710 2 $aGiannini Foundation of Agricultural Economics.
988   $a20020608
906   $0OCLC

