LEADER 00824nam a2200241I  4500
001 005000986-9
005 20020606095253.2
008 900405s1971    it       b    000 0 ita  
010   $a   72349827 
015   $aIt71-Nov
035 0 $aocm21326423
040   $aDLC$cWAU$dHLS
050 0 $aPQ4867.A625$bP6
100 1 $aGambetti, Fidia.
245 10$aPoesie ritrovate /$cPresentazione di Giorgio Caproni.
260   $aMilano :$bU. Mursia,$c1971.
300   $a139 p.$c20 1/2 cm.
490 0 $aBelvedere,$v41
504   $aBibliography: p. 127-133.
505 0 $aSete all'ombra.--Salsa foce.--Il canto dei giovani esclusi.--Figlio d'uomo.--Purgatorio.--Ritorno sul Don.--Penultime.
776 08$iOnline version:$aGambetti, Fidia.$tPoesie ritrovate.$dMilano, U. Mursia [1971]$w(OCoLC)894337829
988   $a20020608
906   $0DLC

