LEADER 00628nam a2200193K  4500
001 005000987-7
005 20020606095253.2
008 900411s1898    ohu           000 0 eng d
035 0 $aocm21356262
040   $aSTF$cSTF$dHMZ
100 1 $aCockerell, Theodore D. A.$q(Theodore Dru Alison),$d1866-1948.
245 00$aTables for the determination of New Mexico bees.$cBy T.D.A. Cockerell ...
260   $aGranville, O.,$c1898.
300   $a[41]-73 p.$c23 cm.
490 0 $aBulletin of the scientific laboratories of Denison University ...$vv. 11, article 3
500   $aCover-title.
650  0$aBees.
988   $a20020608
906   $0OCLC

