LEADER 00555naa a2200169K  4500
001 005000988-5
005 20020606095253.2
008 900412s1905    mau           000 0 eng d
035 0 $aocm21362458
040   $aIXA$cIXA$dHMZ
100 1 $aCockerell, Theodore D. A.$q(Theodore Dru Alison),$d1866-1948.
245 00$aTables for the separation of some bees of the genera Coelioxys and Colletes.
260   $a[Cambridge, Mass.,$bCambridge Entomological Club]$c1905.
300   $ap. 85-90$c26 cm.
773 0 $tPsyche.$g1905. 12. 85-90.
988   $a20020608
906   $0OCLC

