LEADER 00458nam a2200181Ma 4500
001 005000989-3
005 20020606095253.2
008 900306s1968    nyu           000 0 eng d
035 0 $aocm21394881
040   $aNYP$cNYP$dHLS
100 1 $aGiovanni, Nikki.
245 10$aBlack feeling, Black talk /$cby Nikki Giovanni.
250   $a2nd ed.
260   $aNew York :$bAfro Arts,$c1968.
300   $a26 p. ;$c21 cm.
500   $aPoems.
988   $a20020608
906   $0OCLC

