LEADER 00932nam a2200253Ia 4500
001 005000990-7
005 20020606095253.2
008 900423s1964    ru       b    000 0 rus  
010   $a   65036946 
035 0 $aocm21416772
040   $aDLC$cCLU$dHLS
043   $ae------
050   $aHF1411$b.F76
100 1 $aFrumkin, A. B.
245 10$aKritika sovremennykh burzhuaznykh teoriĭ mezhdunarodnykh ėkonomicheskikh otnosheniĭ /$cA.B. Frumkin.
260   $aMoskva :$bVneshtorgizdat,$c1964.
300   $a512 p. ;$c23 cm.
500   $aRomanized record.
504   $aIncludes bibliographical references (p. 495-[511])
650  0$aInternational economic relations.
651  0$aEurope$xEconomic integration.
776 08$iOnline version:$aFrumkin, A.B.$tKritika sovremennykh burzhuaznykh teoriĭ mezhdunarodnykh ėkonomicheskikh otnosheniĭ.$dMoskva : Vneshtorgizdat, 1964$w(OCoLC)573010674
988   $a20020608
906   $0DLC

