LEADER 00566naa a2200205K  4500
001 005000991-5
005 20090712194629.0
008 900425s1888    xx f          000 0 ger d
035 0 $aocm21425569
040   $aSTF$cSTF$dHMZ
100 1 $aCobb, Nathan Augustus,$d1859-1932.
245 00$aBeiträge zur Anatomie und Ontogenie der Nematoden.
260   $c1888.
300   $app. 36.$bPlates.
490 0 $aVermes ;$v3
502   $aInaug.--Diss.--Jena.
650  0$aNematodes.
773 0 $tJena Zeitschrift.$gxxiii. 41-76. pl. 3-5. 1888.
988   $a20020608
906   $0OCLC

