LEADER 00650nam a22002057  4500
001 005000992-3
005 00000000000000.0
008 900425s1929    enk          f000 0 eng d
035 0 $aocm21426510
040   $aSTF$cSTF$dHBS
100 1 $aMaxton, John Purdon.
245 14$aThe survey method of research in farm economics;$cmemorandum prepared by J.P. Maxton ...
260   $aLondon,$bH.M. Stationery Off.,$c1929.
300   $a38 p.$c25 cm.
490 1 $aE.M.B. ;$v14
650  0$aAgriculture$xEconomic aspects.
650  0$aAgriculture$xResearch.
830  0$aPublications of the Empire Marketing Board ;$vE.M.B. 14.
988   $a20020608
906   $0OCLC

