LEADER 00964nam a2200265 a 4500
001 005000993-1
005 00000000000000.0
008 900425s1924    nyua          000 0 eng d
010   $a   24031474 
035 0 $aocm21427916
040   $aDLC$cRQI$dHBS$dHMM
050 0 $aSF201$b.P3
072  0$aL100
100 1 $aPark, Philip Ryder,$d1870-
245 10$aLive stock in the East /$cby Philip R. Park.
260   $aBuffalo, N.Y. :$bPark & Pollard Co.$cc1924.
300   $a121 p. :$bill. ;$c23 cm.
650  0$aCattle.
650  0$aAnimal industry.
650  0$aLivestock.
776 08$iOnline version:$aPark, Philip Ryder, 1870-$tLive stock in the east.$dBuffalo, N.Y., Park & Pollard Co. [©1924]$w(OCoLC)712597148
830  0$aHarvard social history/business preservation microfilm project.$nProject 3 ;$v30160.$5mmf
830  0$aHarvard social history/business preservation microfilm project.$nProject 3 ;$v30160.$5mmf
988   $a20020608
906   $0DLC

