LEADER 00848nam a2200229Ia 4500
001 005000994-X
005 20060510182800.0
008 900508s1902    enka          000 0 eng d
035 0 $aocm21493444
040   $aASC$cASC$dHFL
050  4$aBX4661$b.G79 1902
100 1 $aGreene, E. A.
245 10$aSaints and their symbols :$ba companion in the churches and picture galleries of Europe /$cby E. A. Greene.
246 30$aCompanion in the churches and picture galleries of Europe
250   $a17th ed.
260   $aLondon :$bSampson Low, Marston,$c1902.
300   $aiv, 190 p. :$bill. ;$c22 cm.
650  0$aChristian art and symbolism.
650  0$aChristian saints in art.
776 08$iOnline version:$aGreene, E. A.$tSaints and their symbols.$b17th ed.$dLondon : Sampson Low, Marston, 1902$w(OCoLC)875135012
988   $a20020608
906   $0OCLC

