LEADER 01187nam a22002777  4500
001 005000995-8
005 00000000000000.0
008 900314s1968    iau           000 0 eng d
035 0 $aocm21496552
035 0 $aocm21496552$zocm00222821$zocm00401245$zocm07782389$zocm19426663
040   $aNAM$cNAM$dCSU$dHBS
043   $an-us-ia
100 1 $aCzarnecki, Edgar R.
245 10$aManpower developments:$bproblems and prospects.
260   $aIowa City,$bCenter for Labor and Management, College of Business Administration, University of Iowa,$c1968.
300   $avi, 83p.$c23cm.
490 1 $aUniversity of Iowa. Center for Labor and Management. Conference series,$vno.12
500   $aPapers presented at the Twelfth Annual Labor Management Conference held April 17, 1968 in Iowa City.
650  0$aManpower policy$zIowa.
650  0$aManpower policy$zUnited States.
700 1 $aCzarnecki, Edgar R.
710 2 $aUniversity of Iowa.$bCenter for Labor and Management.
711 2 $aLabor-Management Conference$n(12th :$d1968 :$cUniversity of Iowa)
830  0$aConference series (University of Iowa. Center for Labor and Management) ;$vno. 12.
988   $a20020608
906   $0OCLC

