LEADER 00713cam a2200217M  4500
001 005000996-6
005 20020606095253.2
008 891228s1880    mau           000 0 eng  
010   $a   42043366 
035 0 $aocm21498059
035 0 $aocm21498059$zocm03603792
040   $aDLC$cNAM$dOCL$dTLM$dHLS
050 0 $aAC8$b.G65 1880
100 1 $aGladstone, W. E.$q(William Ewart),$d1809-1898.
245 14$aThe might of right;$bfrom the writings of William Ewart Gladstone.$cSelected by E.E. Brown.
260   $aBoston,$bD. Lothrop & co.$c[1880]
300   $axv, 13-300, ccci-cccii p.$c19 cm.
490 0 $aSpare minute series
700 1 $aBrown, E. E.$q(Emma Elizabeth),$d1847-$eed.
988   $a20020608
906   $0DLC

