LEADER 00600cam a2200229K  4500
001 005000997-4
005 20020606095253.2
008 900514s1956    fr            000 0 fre d
035 0 $aocm21532153
040   $aEEM$cEEM$dOCL$dHLS
090   $aB22$b.I5 no.23
100 1 $aGobry, Ivan.
245 14$aLes niveaux de la vie morale.
250   $a[1. éd.]
260   $aParis,$bPresses universitaires de France,$c1956.
300   $a107 p.$c19 cm.
440  0$aInitiation philosophique ;$v23
650  0$aEthics.
650  0$aPsychology.
650  0$aSpiritual life.
988   $a20020608
906   $0OCLC

