LEADER 01931cam a2200361u  4500
001 005000998-2
005 20024617104250.0
008 900516m19251929cc a          000 0 chi d
035 0 $aocm21546023
040   $aCLU$cCLU$dOCoLC$dMH-HY$dCStRLIN
110 2 $6880-01$aZhong yang di zhi diao cha suo (China)
245 10$6880-02$aZhongguo di zhi tu shuo ming shu /$c[Zhong yang] di zhi diao cha suo ce zhi.
260   $6880-03$aShanghai :$bShang wu,$cMin guo 13-18 [1924 (i.e. 1925)-29]
300   $a3 v. :$billus.$c27 cm.
500   $aCover title.
500   $6880-04$aIn colophon of v. 1: Min guo 14 [1925]
500   $aSummaries in English, added title on cover: Explanation to the geological map of China. Scale 1:1,000,000. Peking, Geological Survey of China; Shanghai. Printed by Commercial Press, 1924-29.
505 0 $6880-05$a[1] Beijing Jinan fu, Tan Xichou zhu bian, Peking-Tsinan sheet, by H. C. Tʻan--[2] Taiyuan Yulin fu, Wang Zhuquan zhu bian, Taiyuan-Yulin sheet, by C. C. Wang--[3] Nanjing Kaifeng fu, Li Jie zhu bian, Nanking-Kaifeng sheet, by C. Li.
650  0$aGeology$zChina.
700 1 $6880-06$aTan, Xichou,$d1893-
700 1 $6880-07$aWang, Zhuquan.
700 1 $6880-08$aLi, Jie.
740 0 $aExplanation to the geological map of China.
880 2 $6110-01$a中央地質調查所 (China)
880 10$6245-02$a中國地質圖說明書 /$c[中央]地質調查所測製.
880   $6260-03$a上海 :$b商務,$c民國13-18 [1924 (i.e. 1925)-29]
880   $6500-04$aIn colophon of v. 1: 民國14 [1925]
880 0 $6505-05$a[1] 北京濟南幅, 譚锡疇主編, Peking-Tsinan sheet, by H. C. Tʻan--[2] 太原榆林幅, 王竹泉主編, Taiyuan-Yulin sheet, by C. C. Wang--[3] 南京開封幅, 李拯主編, Nanking-Kaifeng sheet, by C. Li.
880 1 $6700-06$a譚锡疇,$d1893-
880 1 $6700-07$a王竹泉.
880 1 $6700-08$a李拯.
988   $a20021127
906   $0OCLC

