LEADER 01029nam a22002297  4500
001 005000999-0
005 00000000000000.0
008 840612s1959    dcua         f000 0 eng  
010   $a   59061432 
035 0 $aocm21640296
040   $aDLC$cCUY$dHBS
043   $an-us---
050 0 $aS21$b.Z1624 ser. Q
110 1 $aUnited States.$bCongress.$bHouse.$bCommittee on Agriculture.$bSubcommittee on Research and Extension.
245 10$aIncreased industrial uses of agricultural commodities :$bhearings before the Subcommittee on Research and Extension ... Eighty-ninth Congress, first session, on H.R. 127, H.R. 309, H.R. 2380, H.R. 2718 ... and H.R. 5441. February 18, 19, March 4, 5, 6, 11, and April 20, 1959.
260   $aWashington,$bU. S. Govt. Print. Off.,$c1959.
300   $av, 302 p.$btables.$c24 cm.
500   $a"The Committee on Agriculture, House of Representatives, Eighty-sixth Congress, serial Q."
650  0$aAgriculture$xResearch.
650  0$aFarm produce$zUnited States.
988   $a20020608
906   $0DLC

