LEADER 00846nam a22002177  4500
001 005001000-X
005 00000000000000.0
008 840613s1958    dcu          f000 0 eng  
010   $a   58061935 
035 0 $aocm21641407
040   $aDLC$cCUY$dHBS
043   $an-us---
050 0 $aHD9437.U62$bA572
110 1 $aUnited States.$bCongress.$bHouse.$bSelect Committee on Small Business.
245 10$aProblems in the poultry industry.$bA report of Subcommittee No. 6 on Food Industries to the Select Committee on Small Business, House of Representatives, Eighty-fifth Congress, second session, pursuant to H. Res. 56 ...
260   $aWashington,$bU. S. Govt. Print. Off.,$c1958.
300   $aiv, 11 p.$c24 cm.
490 0 $a85th Cong. 2d sess. House report$vno.2717
650  0$aPoultry industry$zUnited States.
988   $a20020608
906   $0DLC

