LEADER 00840nam a22002177  4500
001 005001001-8
005 00000000000000.0
008 840608s1949    dcu          f000 0 eng  
010   $a   49045891 
035 0 $aocm21724467
040   $aDLC$cCUY$dHBS
043   $an-us---
050 0 $aHD9435.U5$bA5 1949f
110 1 $aUnited States.$bCongress.$bSenate.$bCommittee on Agriculture and Forestry.
245 10$aPrice support for hogs.$bHearings before the subcommittee, Eighty-first Congress, first session, on S. 1721, a bill to amend the Act of July 3, 1948 (Public law 897) entitled the "Agricultural Act of 1948." June 17-18, July 6, 1949.
260   $aWashington,$bU. S. Govt. Print. Off.,$c1949.
300   $aiii, 117 p.$c24 cm.
650  0$aSwine.
650  0$aPork industry and trade$zUnited States.
988   $a20020608
906   $0DLC

