LEADER 00780cam a2200217Ia 4500
001 005001002-6
005 20020606095253.2
008 900607s1961    ru a     b    000 0 rusod
035 0 $aocm21730241
040   $aCLU$cCLU$dOCL$dHLS
043   $ae-ur---
100 1 $aGindin, A.$q(Aron).
245 10$aKak bolʹsheviki ovladeli Gosudarstvennym bankom :$bfakty i dokumenty okti︠a︡brʹskikh dneĭ v Petrograde /$cA. Gindin ; pod redakt︠s︡ieĭ V.P. Dʹi︠a︡chenko.
260   $aMoskva :$bGosfinizdat,$c1961.
300   $a99 p. :$bill. ;$c20 cm.
500   $aRomanized record.
504   $aIncludes bibliographical references.
610 20$aGosudarstvennyĭ bank SSSR.
651  0$aSaint Petersburg (Russia)$xHistory$yRevolution, 1917-1921.
988   $a20020608
906   $0OCLC

