LEADER 00742nam a22001937i 4500
001 005001003-4
005 20080627213800.0
008 860316s1963    dcu      b   f000 0 eng d
035 0 $aocm21791594
040   $aCUY$cCUY$dHBS
043   $an-us---
100 1 $aTaylor, Marlowe M.
245 10$aPublications containing recent farm enterprise input-output data /$c[Marlowe M. Taylor].
260   $aWashington :$bFarm Production Economics Division, Economic Research Service, U.S. Dept. of Agriculture,$c1963.
300   $a42 p. ;$c26 cm.
650  0$aFarm produce$zUnited States$vBibliography.
710 1 $aUnited States.$bDepartment of Agriculture.$bEconomic Research Service.$bFarm Production Economics Division.
988   $a20020608
906   $0OCLC
